<?xml version="1.0" encoding="UTF-8"?>
<!DOCTYPE html PUBLIC "-//W3C//DTD XHTML 1.0 Transitional//EN"
    "http://www.w3.org/TR/xhtml1/DTD/xhtml1-transitional.dtd">
<html xmlns="http://www.w3.org/1999/xhtml" xml:lang="en" lang="en">
 <head>
  <title>
</title>
<meta http-equiv="Content-Type" content="text/html;charset=utf-8" />
  <meta name='ocr-system' content='tesseract 3.04.00' />
  <meta name='ocr-capabilities' content='ocr_page ocr_carea ocr_par ocr_line ocrx_word'/>
</head>
<body>
  <div class='ocr_page' id='page_1' title='image "./specimenjuridic00romegoog_0027.png"; bbox 0 0 2842 4767; ppageno 0'>
   <div class='ocr_carea' id='block_1_1' title="bbox 1420 228 1523 309">
    <p class='ocr_par' dir='ltr' id='par_1_1' title="bbox 1420 228 1523 309">
     <span class='ocr_line' id='line_1_1' title="bbox 1420 228 1523 309; baseline 0.01 -1"><span class='ocrx_word' id='word_1_1' title='bbox 1420 228 1523 309; x_wconf 70' lang='lat'><strong>15</strong></span> 
     </span>
    </p>
   </div>
   <div class='ocr_carea' id='block_1_2' title="bbox 509 473 2437 908">
    <p class='ocr_par' dir='ltr' id='par_1_2' title="bbox 509 473 2437 908">
     <span class='ocr_line' id='line_1_2' title="bbox 511 473 2431 567; baseline 0 -20"><span class='ocrx_word' id='word_1_2' title='bbox 511 478 669 557; x_wconf 85' lang='lat' dir='ltr'><strong>illi,</strong></span> <span class='ocrx_word' id='word_1_3' title='bbox 740 479 859 567; x_wconf 86' lang='lat' dir='ltr'><strong>qui</strong></span> <span class='ocrx_word' id='word_1_4' title='bbox 922 478 1025 544; x_wconf 84' lang='lat' dir='ltr'><strong>sio</strong></span> <span class='ocrx_word' id='word_1_5' title='bbox 1092 473 1372 541; x_wconf 82' lang='lat' dir='ltr'><strong>elamore</strong></span> <span class='ocrx_word' id='word_1_6' title='bbox 1437 473 1785 560; x_wconf 85' lang='lat' dir='ltr'><strong>petebatur</strong></span> <span class='ocrx_word' id='word_1_7' title='bbox 1809 519 1831 555; x_wconf 91' lang='lat'>,</span> <span class='ocrx_word' id='word_1_8' title='bbox 1898 477 2057 564; x_wconf 80' lang='lat' dir='ltr'><strong>quia</strong></span> <span class='ocrx_word' id='word_1_9' title='bbox 2108 499 2238 544; x_wconf 89' lang='lat' dir='ltr'><strong>non</strong></span> <span class='ocrx_word' id='word_1_10' title='bbox 2282 484 2431 547; x_wconf 84' lang='lat' dir='ltr'><strong>sine</strong></span> 
     </span>
     <span class='ocr_line' id='line_1_3' title="bbox 513 588 2437 686; baseline 0 -26"><span class='ocrx_word' id='word_1_11' title='bbox 513 614 712 660; x_wconf 82' lang='lat' dir='ltr'><strong>eausa</strong></span> <span class='ocrx_word' id='word_1_12' title='bbox 753 592 907 658; x_wconf 87' lang='lat' dir='ltr'><strong>fieri</strong></span> <span class='ocrx_word' id='word_1_13' title='bbox 947 589 1324 679; x_wconf 83' lang='lat' dir='ltr'><strong>putabatur.</strong></span> <span class='ocrx_word' id='word_1_14' title='bbox 1411 588 1599 654; x_wconf 87' lang='lat' dir='ltr'><strong>Fest.</strong></span> <span class='ocrx_word' id='word_1_15' title='bbox 1646 589 1696 653; x_wconf 84' lang='lat' dir='ltr'><strong>i.</strong></span> <span class='ocrx_word' id='word_1_16' title='bbox 1721 610 1789 654; x_wconf 82' lang='lat' dir='ltr'><strong>v.</strong></span> <span class='ocrx_word' id='word_1_17' title='bbox 1815 598 2174 686; x_wconf 66' lang='lat' dir='ltr'><strong>occentum</strong></span> <span class='ocrx_word' id='word_1_18' title='bbox 2196 637 2219 672; x_wconf 88' lang='lat'><strong>,</strong></span> <span class='ocrx_word' id='word_1_19' title='bbox 2265 594 2437 680; x_wconf 86' lang='lat' dir='ltr'><strong>quod</strong></span> 
     </span>
     <span class='ocr_line' id='line_1_4' title="bbox 509 701 2429 795; baseline 0.001 -22"><span class='ocrx_word' id='word_1_20' title='bbox 509 709 866 774; x_wconf 85' lang='lat' dir='ltr'><strong>manifesto</strong></span> <span class='ocrx_word' id='word_1_21' title='bbox 933 729 1191 795; x_wconf 87' lang='lat' dir='ltr'><strong>quoque</strong></span> <span class='ocrx_word' id='word_1_22' title='bbox 1257 707 1330 770; x_wconf 87' lang='lat' dir='ltr'><strong>in</strong></span> <span class='ocrx_word' id='word_1_23' title='bbox 1372 701 1714 770; x_wconf 80' lang='lat' dir='ltr'><strong>nonnullis</strong></span> <span class='ocrx_word' id='word_1_24' title='bbox 1758 701 1929 771; x_wconf 85' lang='lat' dir='ltr'><strong>locis</strong></span> <span class='ocrx_word' id='word_1_25' title='bbox 1953 750 1974 784; x_wconf 91' lang='lat'><strong>,</strong></span> <span class='ocrx_word' id='word_1_26' title='bbox 2047 726 2244 793; x_wconf 86' lang='lat' dir='ltr'><strong>supra</strong></span> <span class='ocrx_word' id='word_1_27' title='bbox 2284 705 2429 774; x_wconf 86' lang='lat' dir='ltr'><strong>lau-</strong></span> 
     </span>
     <span class='ocr_line' id='line_1_5' title="bbox 519 820 1356 908; baseline -0.005 -22"><span class='ocrx_word' id='word_1_28' title='bbox 519 821 694 888; x_wconf 88' lang='lat' dir='ltr'><strong>datis</strong></span> <span class='ocrx_word' id='word_1_29' title='bbox 721 868 745 902; x_wconf 93' lang='lat'>,</span> <span class='ocrx_word' id='word_1_30' title='bbox 814 820 1356 908; x_wconf 79' lang='lat' dir='ltr'><strong>deprehenditur.</strong></span> 
     </span>
    </p>
   </div>
   <div class='ocr_carea' id='block_1_3' title="bbox 589 963 1151 1030">
    <p class='ocr_par' dir='ltr' id='par_1_3' title="bbox 589 963 1151 1030">
     <span class='ocr_line' id='line_1_6' title="bbox 589 963 1151 1030; baseline -0.005 -1"><span class='ocrx_word' id='word_1_31' title='bbox 589 963 731 1030; x_wconf 89' lang='lat'>111.</span> <span class='ocrx_word' id='word_1_32' title='bbox 775 967 844 1028; x_wconf 88' lang='grc'><strong>6.</strong></span> <span class='ocrx_word' id='word_1_33' title='bbox 887 984 997 1027; x_wconf 80' lang='lat' dir='ltr'><strong>vs.</strong></span> <span class='ocrx_word' id='word_1_34' title='bbox 1042 966 1151 1028; x_wconf 88' lang='grc'><strong>31.</strong></span> 
     </span>
    </p>
   </div>
   <div class='ocr_carea' id='block_1_4' title="bbox 589 1093 2435 1420">
    <p class='ocr_par' dir='ltr' id='par_1_4' title="bbox 589 1093 2435 1420">
     <span class='ocr_line' id='line_1_7' title="bbox 589 1093 2376 1192; baseline 0.001 -20"><span class='ocrx_word' id='word_1_35' title='bbox 589 1101 774 1192; x_wconf 81' lang='lat' dir='ltr'><strong>Meg’.</strong></span> <span class='ocrx_word' id='word_1_36' title='bbox 873 1104 1304 1171; x_wconf 73' lang='lat' dir='ltr'><strong>Caedundum</strong></span> <span class='ocrx_word' id='word_1_37' title='bbox 1348 1103 1556 1168; x_wconf 66' lang='lat' dir='ltr'><strong>illum</strong></span> <span class='ocrx_word' id='word_1_38' title='bbox 1596 1121 1715 1186; x_wconf 74' lang='lat' dir='ltr'><strong>eyo</strong></span> <span class='ocrx_word' id='word_1_39' title='bbox 1759 1093 2094 1170; x_wconf 58' lang='lat' dir='ltr'><strong>condecuit.</strong></span> <span class='ocrx_word' id='word_1_40' title='bbox 2181 1106 2376 1174; x_wconf 74' lang='lat' dir='ltr'><strong>Euel-</strong></span> 
     </span>
     <span class='ocr_line' id='line_1_8' title="bbox 1375 1214 2435 1322; baseline 0.008 -41"><span class='ocrx_word' id='word_1_41' title='bbox 1375 1214 1544 1282; x_wconf 67' lang='lat' dir='ltr'><strong>Tun</strong></span> <span class='ocrx_word' id='word_1_42' title='bbox 1593 1226 1686 1322; x_wconf 49' lang='lat' dir='ltr'><strong>tu⁸</strong></span> <span class='ocrx_word' id='word_1_43' title='bbox 1716 1216 1892 1285; x_wconf 65' lang='lat' dir='ltr'><strong>idem</strong></span> <span class='ocrx_word' id='word_1_44' title='bbox 1938 1228 2280 1305; x_wconf 76' lang='lat' dir='ltr'><strong>optumum</strong></span> <span class='ocrx_word' id='word_1_45' title='bbox 2323 1232 2435 1290; x_wconf 72' lang='lat' dir='ltr'><strong>eet</strong></span> 
     </span>
     <span class='ocr_line' id='line_1_9' title="bbox 589 1331 1295 1420; baseline -0.001 -22"><span class='ocrx_word' id='word_1_46' title='bbox 589 1332 809 1399; x_wconf 76' lang='lat' dir='ltr'><strong>Locee</strong></span> <span class='ocrx_word' id='word_1_47' title='bbox 848 1331 1295 1420; x_wconf 69' lang='lat' dir='ltr'><strong>efferendum.</strong></span> 
     </span>
    </p>
   </div>
   <div class='ocr_carea' id='block_1_5' title="bbox 505 1433 2436 1679">
    <p class='ocr_par' dir='ltr' id='par_1_5' title="bbox 505 1433 2436 1679">
     <span class='ocr_line' id='line_1_10' title="bbox 505 1433 2258 1564; baseline 0.002 -23"><span class='ocrx_word' id='word_1_48' title='bbox 505 1476 619 1543; x_wconf 67' lang='lat'><strong>012-</strong></span> <span class='ocrx_word' id='word_1_49' title='bbox 645 1475 838 1564; x_wconf 78' lang='lat' dir='ltr'><strong>capt.</strong></span> <span class='ocrx_word' id='word_1_50' title='bbox 883 1480 952 1546; x_wconf 82' lang='lat'><strong>4.</strong></span> <span class='ocrx_word' id='word_1_51' title='bbox 996 1481 1065 1541; x_wconf 83' lang='lat'><strong>2.</strong></span> <span class='ocrx_word' id='word_1_52' title='bbox 1109 1480 1219 1542; x_wconf 84' lang='lat'><strong>39.</strong></span> <span class='ocrx_word' id='word_1_53' title='bbox 1380 1433 1385 1438; x_wconf 34' lang='lat'><strong><em>⁴</em></strong></span> <span class='ocrx_word' id='word_1_54' title='bbox 2032 1480 2258 1561; x_wconf 65' lang='lat' dir='ltr'><strong>lanii,</strong></span> 
     </span>
     <span class='ocr_line' id='line_1_11' title="bbox 606 1585 2436 1679; baseline -0.003 -21"><span class='ocrx_word' id='word_1_55' title='bbox 606 1591 744 1669; x_wconf 66' lang='lat' dir='ltr'><strong>Qui</strong></span> <span class='ocrx_word' id='word_1_56' title='bbox 790 1592 1032 1656; x_wconf 80' lang='lat' dir='ltr'><strong>locant</strong></span> <span class='ocrx_word' id='word_1_57' title='bbox 1070 1585 1459 1651; x_wconf 74' lang='lat' dir='ltr'><strong>caedundae</strong></span> <span class='ocrx_word' id='word_1_58' title='bbox 1500 1604 1712 1669; x_wconf 73' lang='lat' dir='ltr'><strong>aynoe</strong></span> <span class='ocrx_word' id='word_1_59' title='bbox 1738 1631 1760 1665; x_wconf 91' lang='lat'><strong>,</strong></span> <span class='ocrx_word' id='word_1_60' title='bbox 1806 1594 1885 1653; x_wconf 80' lang='lat' dir='ltr'><strong>et</strong></span> <span class='ocrx_word' id='word_1_61' title='bbox 1919 1588 2197 1674; x_wconf 77' lang='lat' dir='ltr'><strong>duplam</strong></span> <span class='ocrx_word' id='word_1_62' title='bbox 2237 1604 2436 1679; x_wconf 68' lang='lat' dir='ltr'><strong>aqui..</strong></span> 
     </span>
    </p>
   </div>
   <div class='ocr_carea' id='block_1_6' title="bbox 1905 1702 2428 1789">
    <p class='ocr_par' dir='ltr' id='par_1_6' title="bbox 1905 1702 2428 1789">
     <span class='ocr_line' id='line_1_12' title="bbox 1905 1702 2428 1789; baseline 0.017 -19"><span class='ocrx_word' id='word_1_63' title='bbox 1905 1702 2090 1789; x_wconf 70' lang='lat' dir='ltr'><strong>(nam</strong></span> <span class='ocrx_word' id='word_1_64' title='bbox 2134 1709 2428 1778; x_wconf 67' lang='lat' dir='ltr'><strong>danum.</strong></span> 
     </span>
    </p>
   </div>
   <div class='ocr_carea' id='block_1_7' title="bbox 499 1847 2467 3871">
    <p class='ocr_par' dir='ltr' id='par_1_7' title="bbox 499 1847 2467 3629">
     <span class='ocr_line' id='line_1_13' title="bbox 501 1847 2431 1936; baseline 0.005 -22"><span class='ocrx_word' id='word_1_65' title='bbox 501 1848 826 1936; x_wconf 84' lang='lat' dir='ltr'><strong>Ejusdem</strong></span> <span class='ocrx_word' id='word_1_66' title='bbox 885 1848 1029 1911; x_wconf 80' lang='lat' dir='ltr'><strong>fere</strong></span> <span class='ocrx_word' id='word_1_67' title='bbox 1093 1858 1366 1911; x_wconf 82' lang='lat' dir='ltr'><strong>naturae</strong></span> <span class='ocrx_word' id='word_1_68' title='bbox 1409 1863 1559 1911; x_wconf 85' lang='lat' dir='ltr'><strong>eum</strong></span> <span class='ocrx_word' id='word_1_69' title='bbox 1603 1847 1890 1912; x_wconf 85' lang='lat' dir='ltr'><strong>emtione</strong></span> <span class='ocrx_word' id='word_1_70' title='bbox 1934 1862 2002 1914; x_wconf 87' lang='lat' dir='ltr'><strong>et</strong></span> <span class='ocrx_word' id='word_1_71' title='bbox 2042 1853 2431 1924; x_wconf 82' lang='lat' dir='ltr'><strong>venditione</strong></span> 
     </span>
     <span class='ocr_line' id='line_1_14' title="bbox 507 1953 2431 2057; baseline 0 -28"><span class='ocrx_word' id='word_1_72' title='bbox 507 1953 681 2029; x_wconf 50' lang='lat' dir='ltr'><strong>erat&#39;</strong></span> <span class='ocrx_word' id='word_1_73' title='bbox 716 1972 1095 2027; x_wconf 83' lang='lat' dir='ltr'><strong>contractus</strong></span> <span class='ocrx_word' id='word_1_74' title='bbox 1158 1956 1514 2024; x_wconf 78' lang='lat' dir='ltr'><strong>locationis</strong></span> <span class='ocrx_word' id='word_1_75' title='bbox 1560 1973 1628 2023; x_wconf 89' lang='lat' dir='ltr'><strong>et</strong></span> <span class='ocrx_word' id='word_1_76' title='bbox 1672 1961 2128 2029; x_wconf 81' lang='lat' dir='ltr'><strong>conductionis</strong></span> <span class='ocrx_word' id='word_1_77' title='bbox 2156 2012 2179 2045; x_wconf 91' lang='lat'><strong>,</strong></span> <span class='ocrx_word' id='word_1_78' title='bbox 2267 1991 2431 2057; x_wconf 81' lang='lat' dir='ltr'><strong>quo-</strong></span> 
     </span>
     <span class='ocr_line' id='line_1_15' title="bbox 504 2074 2427 2162; baseline 0.003 -19"><span class='ocrx_word' id='word_1_79' title='bbox 504 2098 651 2143; x_wconf 82' lang='lat' dir='ltr'><strong>cum</strong></span> <span class='ocrx_word' id='word_1_80' title='bbox 694 2075 1064 2162; x_wconf 85' lang='lat' dir='ltr'><strong>antiquitus</strong></span> <span class='ocrx_word' id='word_1_81' title='bbox 1127 2075 1329 2139; x_wconf 88' lang='lat' dir='ltr'><strong>etiam</strong></span> <span class='ocrx_word' id='word_1_82' title='bbox 1371 2086 1508 2138; x_wconf 85' lang='lat' dir='ltr'><strong>tam</strong></span> <span class='ocrx_word' id='word_1_83' title='bbox 1551 2086 1732 2140; x_wconf 86' lang='lat' dir='ltr'><strong>arcto</strong></span> <span class='ocrx_word' id='word_1_84' title='bbox 1775 2074 2045 2142; x_wconf 84' lang='lat' dir='ltr'><strong>vinculo</strong></span> <span class='ocrx_word' id='word_1_85' title='bbox 2089 2092 2232 2144; x_wconf 84' lang='lat' dir='ltr'><strong>erat</strong></span> <span class='ocrx_word' id='word_1_86' title='bbox 2274 2103 2427 2148; x_wconf 80' lang='lat' dir='ltr'><strong>eon-</strong></span> 
     </span>
     <span class='ocr_line' id='line_1_16' title="bbox 501 2186 2434 2281; baseline 0.003 -23"><span class='ocrx_word' id='word_1_87' title='bbox 501 2198 773 2281; x_wconf 83' lang='lat' dir='ltr'><strong>junctus</strong></span> <span class='ocrx_word' id='word_1_88' title='bbox 799 2234 823 2268; x_wconf 93' lang='lat'>,</span> <span class='ocrx_word' id='word_1_89' title='bbox 906 2201 983 2253; x_wconf 83' lang='lat' dir='ltr'><strong>ut</strong></span> <span class='ocrx_word' id='word_1_90' title='bbox 1032 2186 1216 2254; x_wconf 64' lang='lat' dir='ltr'><strong>‘alter</strong></span> <span class='ocrx_word' id='word_1_91' title='bbox 1255 2210 1373 2275; x_wconf 87' lang='lat' dir='ltr'><strong>pro</strong></span> <span class='ocrx_word' id='word_1_92' title='bbox 1415 2186 1628 2255; x_wconf 88' lang='lat' dir='ltr'><strong>altero</strong></span> <span class='ocrx_word' id='word_1_93' title='bbox 1670 2209 2133 2279; x_wconf 85' lang='lat' dir='ltr'><strong>nonnunquam</strong></span> <span class='ocrx_word' id='word_1_94' title='bbox 2177 2194 2434 2263; x_wconf 84' lang='lat' dir='ltr'><strong>dicere-</strong></span> 
     </span>
     <span class='ocr_line' id='line_1_17' title="bbox 499 2303 2467 2395; baseline 0.003 -24"><span class='ocrx_word' id='word_1_95' title='bbox 499 2316 613 2371; x_wconf 78' lang='lat' dir='ltr'><strong>tur</strong></span> <span class='ocrx_word' id='word_1_96' title='bbox 638 2351 662 2385; x_wconf 93' lang='lat'>,</span> <span class='ocrx_word' id='word_1_97' title='bbox 727 2317 795 2369; x_wconf 86' lang='lat' dir='ltr'><strong>et</strong></span> <span class='ocrx_word' id='word_1_98' title='bbox 828 2308 986 2390; x_wconf 86' lang='lat' dir='ltr'><strong>jure</strong></span> <span class='ocrx_word' id='word_1_99' title='bbox 1027 2303 1231 2395; x_wconf 72' lang='lat' dir='ltr'><strong>,novo&#39;</strong></span> <span class='ocrx_word' id='word_1_100' title='bbox 1263 2324 1521 2392; x_wconf 84' lang='lat' dir='ltr'><strong>quoque</strong></span> <span class='ocrx_word' id='word_1_101' title='bbox 1563 2304 1896 2370; x_wconf 86' lang='lat' dir='ltr'><strong>interdum</strong></span> <span class='ocrx_word' id='word_1_102' title='bbox 1939 2327 2135 2393; x_wconf 80' lang='lat' dir='ltr'><strong>aegre</strong></span> <span class='ocrx_word' id='word_1_103' title='bbox 2179 2308 2467 2377; x_wconf 59' lang='lat' dir='ltr'><strong>discen·-⁴</strong></span> 
     </span>
     <span class='ocr_line' id='line_1_18' title="bbox 499 2414 2424 2506; baseline 0.006 -22"><span class='ocrx_word' id='word_1_104' title='bbox 499 2431 780 2485; x_wconf 81' lang='lat' dir='ltr'><strong>uantur:</strong></span> <span class='ocrx_word' id='word_1_105' title='bbox 847 2418 938 2483; x_wconf 80' lang='lat' dir='ltr'><strong>ef.</strong></span> <span class='ocrx_word' id='word_1_106' title='bbox 1007 2414 1163 2503; x_wconf 80' lang='lat' dir='ltr'><strong>Gaj.</strong></span> <span class='ocrx_word' id='word_1_107' title='bbox 1232 2415 1371 2483; x_wconf 82' lang='grc' dir='ltr'><strong>ΙΙΙ.</strong></span> <span class='ocrx_word' id='word_1_108' title='bbox 1410 2415 1569 2483; x_wconf 83' lang='grc'><strong>145.</strong></span> <span class='ocrx_word' id='word_1_109' title='bbox 1638 2439 1743 2506; x_wconf 85' lang='lat' dir='ltr'><strong>sq.</strong></span> <span class='ocrx_word' id='word_1_110' title='bbox 1811 2418 2032 2486; x_wconf 87' lang='lat' dir='ltr'><strong>Briss.</strong></span> <span class='ocrx_word' id='word_1_111' title='bbox 2079 2423 2161 2488; x_wconf 92' lang='lat' dir='ltr'><strong>de</strong></span> <span class='ocrx_word' id='word_1_112' title='bbox 2203 2424 2299 2492; x_wconf 86' lang='lat' dir='ltr'><strong>V.</strong></span> <span class='ocrx_word' id='word_1_113' title='bbox 2347 2427 2424 2495; x_wconf 78' lang='lat' dir='ltr'><strong>S.</strong></span> 
     </span>
     <span class='ocr_line' id='line_1_19' title="bbox 508 2530 2431 2623; baseline 0.002 -24"><span class='ocrx_word' id='word_1_114' title='bbox 508 2537 561 2599; x_wconf 86' lang='lat' dir='ltr'><strong>i.</strong></span> <span class='ocrx_word' id='word_1_115' title='bbox 630 2557 698 2599; x_wconf 76' lang='lat' dir='ltr'><strong>v-</strong></span> <span class='ocrx_word' id='word_1_116' title='bbox 769 2533 1053 2599; x_wconf 72' lang='lat' dir='ltr'><strong>locatio.</strong></span> <span class='ocrx_word' id='word_1_117' title='bbox 1163 2530 1406 2596; x_wconf 85' lang='lat' dir='ltr'><strong>Festus</strong></span> <span class='ocrx_word' id='word_1_118' title='bbox 1482 2532 1556 2595; x_wconf 87' lang='lat' dir='ltr'><strong>in</strong></span> <span class='ocrx_word' id='word_1_119' title='bbox 1616 2530 1894 2614; x_wconf 82' lang='lat' dir='ltr'><strong>vocibus</strong></span> <span class='ocrx_word' id='word_1_120' title='bbox 1962 2554 2276 2623; x_wconf 71' lang='lat' dir='ltr'><strong>manceps</strong></span> <span class='ocrx_word' id='word_1_121' title='bbox 2365 2555 2431 2609; x_wconf 76' lang='lat' dir='ltr'><strong>et</strong></span> 
     </span>
     <span class='ocr_line' id='line_1_20' title="bbox 508 2643 2429 2734; baseline 0.004 -23"><span class='ocrx_word' id='word_1_122' title='bbox 508 2649 924 2713; x_wconf 71' lang='lat' dir='ltr'><strong>redemtor-ee</strong></span> <span class='ocrx_word' id='word_1_123' title='bbox 988 2643 1330 2712; x_wconf 80' lang='lat' dir='ltr'><strong>luculenta</strong></span> <span class='ocrx_word' id='word_1_124' title='bbox 1390 2643 1593 2732; x_wconf 86' lang='lat' dir='ltr'><strong>hujus</strong></span> <span class='ocrx_word' id='word_1_125' title='bbox 1657 2649 2166 2734; x_wconf 80' lang='lat' dir='ltr'><strong>permutationis</strong></span> <span class='ocrx_word' id='word_1_126' title='bbox 2232 2656 2429 2720; x_wconf 85' lang='lat' dir='ltr'><strong>testi-</strong></span> 
     </span>
     <span class='ocr_line' id='line_1_21' title="bbox 508 2753 2431 2851; baseline 0.004 -24"><span class='ocrx_word' id='word_1_127' title='bbox 508 2766 730 2827; x_wconf 85' lang='lat' dir='ltr'><strong>monia</strong></span> <span class='ocrx_word' id='word_1_128' title='bbox 792 2763 1035 2831; x_wconf 82' lang='lat' dir='ltr'><strong>affert:</strong></span> <span class='ocrx_word' id='word_1_129' title='bbox 1117 2783 1270 2828; x_wconf 88' lang='lat' dir='ltr'><strong>nam</strong></span> <span class='ocrx_word' id='word_1_130' title='bbox 1331 2763 1670 2846; x_wconf 78' lang='lat' dir='ltr'><strong>mancipes</strong></span> <span class='ocrx_word' id='word_1_131' title='bbox 1744 2783 2076 2851; x_wconf 87' lang='lat' dir='ltr'><strong>nunquam</strong></span> <span class='ocrx_word' id='word_1_132' title='bbox 2117 2753 2352 2832; x_wconf 68' lang='lat' dir='ltr'><strong>emun&#39;t</strong></span> <span class='ocrx_word' id='word_1_133' title='bbox 2389 2791 2431 2836; x_wconf 88' lang='lat' dir='ltr'><strong>a</strong></span> 
     </span>
     <span class='ocr_line' id='line_1_22' title="bbox 506 2874 2435 2966; baseline 0.006 -27"><span class='ocrx_word' id='word_1_134' title='bbox 506 2874 797 2966; x_wconf 85' lang='lat' dir='ltr'><strong>populo,-</strong></span> <span class='ocrx_word' id='word_1_135' title='bbox 864 2875 984 2940; x_wconf 86' lang='lat' dir='ltr'><strong>sed</strong></span> <span class='ocrx_word' id='word_1_136' title='bbox 1046 2897 1303 2962; x_wconf 86' lang='lat' dir='ltr'><strong>semper</strong></span> <span class='ocrx_word' id='word_1_137' title='bbox 1364 2877 1786 2962; x_wconf 57' lang='lat' dir='ltr'><strong>conducunt.</strong></span> <span class='ocrx_word' id='word_1_138' title='bbox 1878 2876 2091 2966; x_wconf 87' lang='lat' dir='ltr'><strong>Cujus</strong></span> <span class='ocrx_word' id='word_1_139' title='bbox 2135 2886 2435 2949; x_wconf 81' lang='lat' dir='ltr'><strong>necessi-</strong></span> 
     </span>
     <span class='ocr_line' id='line_1_23' title="bbox 509 2985 2428 3079; baseline 0.003 -23"><span class='ocrx_word' id='word_1_140' title='bbox 509 2990 769 3056; x_wconf 82' lang='lat' dir='ltr'><strong>tudinis</strong></span> <span class='ocrx_word' id='word_1_141' title='bbox 835 2990 915 3060; x_wconf 86' lang='lat' dir='ltr'><strong>in</strong></span> <span class='ocrx_word' id='word_1_142' title='bbox 951 2985 1191 3053; x_wconf 90' lang='lat' dir='ltr'><strong>Plauto</strong></span> <span class='ocrx_word' id='word_1_143' title='bbox 1216 3035 1238 3069; x_wconf 88' lang='lat'><strong>,</strong></span> <span class='ocrx_word' id='word_1_144' title='bbox 1328 2990 1503 3077; x_wconf 80' lang='lat' dir='ltr'><strong>apud</strong></span> <span class='ocrx_word' id='word_1_145' title='bbox 1548 3011 1739 3079; x_wconf 86' lang='lat' dir='ltr'><strong>quem</strong></span> <span class='ocrx_word' id='word_1_146' title='bbox 1786 3004 1883 3056; x_wconf 86' lang='lat' dir='ltr'><strong>tot</strong></span> <span class='ocrx_word' id='word_1_147' title='bbox 1922 2996 2172 3060; x_wconf 82' lang='lat' dir='ltr'><strong>veteris</strong></span> <span class='ocrx_word' id='word_1_148' title='bbox 2220 2998 2428 3062; x_wconf 83' lang='lat' dir='ltr'><strong>vesti-</strong></span> 
     </span>
     <span class='ocr_line' id='line_1_24' title="bbox 515 3097 2436 3193; baseline 0.004 -24"><span class='ocrx_word' id='word_1_149' title='bbox 515 3106 627 3192; x_wconf 84' lang='lat' dir='ltr'><strong>gia</strong></span> <span class='ocrx_word' id='word_1_150' title='bbox 669 3106 847 3172; x_wconf 86' lang='lat' dir='ltr'><strong>ruris</strong></span> <span class='ocrx_word' id='word_1_151' title='bbox 894 3115 1296 3190; x_wconf 81' lang='lat' dir='ltr'><strong>supersunt,</strong></span> <span class='ocrx_word' id='word_1_152' title='bbox 1355 3097 1665 3191; x_wconf 84' lang='lat' dir='ltr'><strong>exempla</strong></span> <span class='ocrx_word' id='word_1_153' title='bbox 1704 3103 1874 3170; x_wconf 89' lang='lat' dir='ltr'><strong>mihi</strong></span> <span class='ocrx_word' id='word_1_154' title='bbox 1917 3101 2436 3193; x_wconf 80' lang='lat' dir='ltr'><strong>deprehendisse</strong></span> 
     </span>
     <span class='ocr_line' id='line_1_25' title="bbox 509 3201 2433 3314; baseline 0.004 -32"><span class='ocrx_word' id='word_1_155' title='bbox 509 3219 742 3284; x_wconf 85' lang='lat' dir='ltr'><strong>videor</strong></span> <span class='ocrx_word' id='word_1_156' title='bbox 806 3220 880 3284; x_wconf 88' lang='lat' dir='ltr'><strong>in</strong></span> <span class='ocrx_word' id='word_1_157' title='bbox 937 3215 1110 3284; x_wconf 85' lang='lat' dir='ltr'><strong>loeis</strong></span> <span class='ocrx_word' id='word_1_158' title='bbox 1166 3201 1366 3314; x_wconf 76' lang='lat' dir='ltr'><strong>supra</strong></span> <span class='ocrx_word' id='word_1_159' title='bbox 1407 3221 1785 3284; x_wconf 88' lang='lat' dir='ltr'><strong>memoratis</strong></span> <span class='ocrx_word' id='word_1_160' title='bbox 1807 3264 1829 3299; x_wconf 91' lang='lat'>‚</span> <span class='ocrx_word' id='word_1_161' title='bbox 1923 3219 2042 3284; x_wconf 88' lang='lat' dir='ltr'><strong>ubi</strong></span> <span class='ocrx_word' id='word_1_162' title='bbox 2084 3220 2433 3290; x_wconf 88' lang='lat' dir='ltr'><strong>obsonator</strong></span> 
     </span>
     <span class='ocr_line' id='line_1_26' title="bbox 517 3333 2430 3421; baseline 0.004 -26"><span class='ocrx_word' id='word_1_163' title='bbox 517 3352 590 3396; x_wconf 87' lang='lat' dir='ltr'><strong>se</strong></span> <span class='ocrx_word' id='word_1_164' title='bbox 632 3354 871 3420; x_wconf 85' lang='lat' dir='ltr'><strong>agnum</strong></span> <span class='ocrx_word' id='word_1_165' title='bbox 918 3333 1324 3399; x_wconf 83' lang='lat' dir='ltr'><strong>caedundum</strong></span> <span class='ocrx_word' id='word_1_166' title='bbox 1367 3334 1775 3401; x_wconf 83' lang='lat' dir='ltr'><strong>conduxisse</strong></span> <span class='ocrx_word' id='word_1_167' title='bbox 1818 3334 2023 3412; x_wconf 84' lang='lat' dir='ltr'><strong>dicit,</strong></span> <span class='ocrx_word' id='word_1_168' title='bbox 2070 3334 2270 3421; x_wconf 87' lang='lat' dir='ltr'><strong>(quod</strong></span> <span class='ocrx_word' id='word_1_169' title='bbox 2290 3334 2430 3403; x_wconf 82' lang='lat' dir='ltr'><strong>No-</strong></span> 
     </span>
     <span class='ocr_line' id='line_1_27' title="bbox 512 3443 2429 3536; baseline 0.006 -31"><span class='ocrx_word' id='word_1_170' title='bbox 512 3443 667 3508; x_wconf 86' lang='lat' dir='ltr'><strong>nius</strong></span> <span class='ocrx_word' id='word_1_171' title='bbox 718 3449 929 3514; x_wconf 81' lang='lat' dir='ltr'><strong>vertit</strong></span> <span class='ocrx_word' id='word_1_172' title='bbox 972 3448 1244 3531; x_wconf 69' lang='lat' dir='ltr'><strong>emisse)</strong></span> <span class='ocrx_word' id='word_1_173' title='bbox 1267 3493 1290 3528; x_wconf 93' lang='lat'><strong>,</strong></span> <span class='ocrx_word' id='word_1_174' title='bbox 1341 3461 1409 3513; x_wconf 86' lang='lat' dir='ltr'><strong>et</strong></span> <span class='ocrx_word' id='word_1_175' title='bbox 1451 3446 1622 3513; x_wconf 88' lang='lat' dir='ltr'><strong>lanii</strong></span> <span class='ocrx_word' id='word_1_176' title='bbox 1665 3468 1870 3536; x_wconf 80' lang='lat' dir='ltr'><strong>agnos</strong></span> <span class='ocrx_word' id='word_1_177' title='bbox 1915 3446 2429 3516; x_wconf 76' lang='lat' dir='ltr'><strong>caedundos-lo-</strong></span> 
     </span>
     <span class='ocr_line' id='line_1_28' title="bbox 508 3561 1580 3629; baseline 0.006 -7"><span class='ocrx_word' id='word_1_178' title='bbox 508 3577 659 3623; x_wconf 78' lang='lat' dir='ltr'><strong>care</strong></span> <span class='ocrx_word' id='word_1_179' title='bbox 701 3562 754 3623; x_wconf 87' lang='lat' dir='ltr'><strong>i.</strong></span> <span class='ocrx_word' id='word_1_180' title='bbox 801 3584 863 3625; x_wconf 89' lang='lat' dir='ltr'><strong>e.</strong></span> <span class='ocrx_word' id='word_1_181' title='bbox 907 3563 1200 3629; x_wconf 77' lang='lat' dir='ltr'><strong>vendere</strong></span> <span class='ocrx_word' id='word_1_182' title='bbox 1243 3561 1580 3629; x_wconf 79' lang='lat' dir='ltr'><strong>dicuntur.</strong></span> 
     </span>
    </p>

    <p class='ocr_par' dir='ltr' id='par_1_8' title="bbox 508 3670 2430 3871">
     <span class='ocr_line' id='line_1_29' title="bbox 596 3670 2430 3761; baseline 0.002 -21"><span class='ocrx_word' id='word_1_183' title='bbox 596 3670 730 3740; x_wconf 84' lang='lat' dir='ltr'><strong>Cui</strong></span> <span class='ocrx_word' id='word_1_184' title='bbox 793 3674 1092 3761; x_wconf 87' lang='lat' dir='ltr'><strong>opinioni</strong></span> <span class='ocrx_word' id='word_1_185' title='bbox 1158 3677 1546 3743; x_wconf 83' lang='lat' dir='ltr'><strong>adversatur</strong></span> <span class='ocrx_word' id='word_1_186' title='bbox 1604 3675 1893 3741; x_wconf 81' lang='lat' dir='ltr'><strong>Gronov.</strong></span> <span class='ocrx_word' id='word_1_187' title='bbox 1959 3676 2033 3742; x_wconf 90' lang='lat' dir='ltr'><strong>in</strong></span> <span class='ocrx_word' id='word_1_188' title='bbox 2073 3675 2304 3743; x_wconf 86' lang='lat' dir='ltr'><strong>notula</strong></span> <span class='ocrx_word' id='word_1_189' title='bbox 2346 3679 2430 3743; x_wconf 80' lang='lat' dir='ltr'><strong>ad</strong></span> 
     </span>
     <span class='ocr_line' id='line_1_30' title="bbox 508 3786 2425 3871; baseline 0.003 -15"><span class='ocrx_word' id='word_1_190' title='bbox 508 3786 672 3856; x_wconf 87' lang='lat' dir='ltr'><strong>Aul.</strong></span> <span class='ocrx_word' id='word_1_191' title='bbox 717 3787 978 3871; x_wconf 76' lang='lat' dir='ltr'><strong>locum,</strong></span> <span class='ocrx_word' id='word_1_192' title='bbox 1027 3802 1094 3856; x_wconf 87' lang='lat' dir='ltr'><strong>et</strong></span> <span class='ocrx_word' id='word_1_193' title='bbox 1134 3789 1358 3857; x_wconf 82' lang='lat' dir='ltr'><strong>fusius</strong></span> <span class='ocrx_word' id='word_1_194' title='bbox 1404 3793 1478 3858; x_wconf 88' lang='lat' dir='ltr'><strong>in</strong></span> <span class='ocrx_word' id='word_1_195' title='bbox 1524 3786 1729 3857; x_wconf 71' lang='lat' dir='ltr'><strong>obn.</strong></span> <span class='ocrx_word' id='word_1_196' title='bbox 1775 3787 1932 3859; x_wconf 75' lang='lat' dir='ltr'><strong>Lib.</strong></span> <span class='ocrx_word' id='word_1_197' title='bbox 1959 3792 2023 3857; x_wconf 85' lang='lat' dir='ltr'><strong>l.</strong></span> <span class='ocrx_word' id='word_1_198' title='bbox 2050 3796 2425 3862; x_wconf 65' lang='lat' dir='ltr'><strong>mmextr-</strong></span> 
     </span>
    </p>
   </div>
  </div>
 </body>
</html>
