2842 4767
1342 319 1455 394 60

428 558 729 649 pabatur.
820 557 1012 623 Paul.
1087 557 1276 624 sent.
1350 558 1513 623 Rec.
1575 556 1673 624 11.
1723 561 1829 625 17.
1876 562 1944 625 3.
2068 559 2171 625 De
2213 584 2360 648 pre·

430 679 529 742 tio
572 676 885 754 aedium,
933 674 1016 740 de
1063 672 1308 762 quibus
1354 672 1468 737 hic
1515 694 1731 739 sermo
1775 689 1916 755 est,
1964 692 2361 743 convenerat

425 796 489 856 3.
540 796 603 855 1.
651 794 778 854 114
804 833 825 867 ,
921 787 1273 853 arrhaboni
1341 787 1530 852 datae
1594 790 1861 857 fuerant
1940 796 2032 857 40
2095 794 2361 857 minae:

427 923 549 968 nec
616 916 834 970 tamen
902 903 1183 969 traditae
1250 915 1437 967 erant
1496 902 1696 969 aedes
1722 950 1743 984 ‚
1830 907 2062 992 pretio.
2113 908 2358 992 quippe

421 1018 710 1084 nondum
775 1017 1018 1089 soluto.
1110 1017 1342 1084 Senex
1403 1017 1713 1084 venditor
1767 1033 1969 1108 negat
2010 1042 2085 1086 se
2128 1021 2362 1086 vendi·-

423 1133 657 1199 disse:
727 1132 965 1197 suadet
1006 1135 1221 1220 igitur
1264 1153 1501 1198 servus
1549 1131 1711 1198 hero
1755 1138 1993 1200 emtori
2022 1183 2044 1218 ,
2135 1150 2209 1200 ut
2244 1141 2359 1223 ju-

420 1247 619 1329 beat,
711 1247 909 1315 aedes
974 1249 1309 1334 mancipio
1376 1246 1456 1311 ab
1524 1245 1650 1312 illo
1690 1251 1931 1334 posci:
2021 1270 2173 1313 nam
2197 1252 2358 1314 'nisi

418 1363 837 1450 mancipabat
878 1362 988 1431 vel
1036 1362 1334 1429 tradebat
1382 1361 1692 1427 venditor
1734 1383 1874 1428 rem
1917 1376 2152 1428 emtam
2182 1408 2202 1442 ‚
2258 1363 2354 1435 ⁴ad
2425 1342 2430 1349 ’

418 1475 813 1544 alterutrum
846 1479 1009 1564 ‘cogi
1051 1490 1347 1565 poterat,
1396 1474 1621 1560 (Paul.
1651 1477 1839 1542 Sent.
1868 1476 2033 1543 Rec.
2059 1477 2120 1542 1.
2145 1482 2252 1543 13.
2279 1483 2349 1544 4.

412 1591 609 1667 Adde
673 1591 872 1658 Both.
941 1591 1024 1656 ad
1067 1592 1214 1679 huj.
1259 1590 1400 1658 fab.
1448 1595 1618 1657 1040
1686 1592 1871 1679 sqq.)
1938 1590 2348 1680 vel,duplex

411 1705 674 1774 solvere
718 1706 1026 1772 debebat.
1118 1704 1266 1770 Cic.
1315 1706 1398 1770 de
1442 1707 1566 1769 off.
1610 1705 1750 1772 111.
1802 1711 1909 1774 16.

497 1822 684 1899 Quae
732 1822 913 1887 dicta
958 1833 1157 1899 sunt,
1206 1842 1337 1886 non
1372 1823 1636 1888 'frustra
1678 1822 2111 1889 admoventur
2153 1821 2346 1890 Trin.

406 1931 473 2005 2.
520 1942 590 2004 4.
642 1941 766 2016 19,
814 1957 937 2002 nec
982 1937 1157 2002 forte
1203 1936 1401 2002 Curc-
1453 1941 1515 2002 5.
1562 1943 1628 2002 2.
1677 1942 1784 2002 19.

504 2080 677 2157 Quis
702 2080 835 2161 tib}
858 2079 1036 2147 hanc
1057 2081 1257 2148 dedit
1272 2084 1618 2165 mancipio
1649 2083 1682 2143 ἓ
1704 2089 1837 2146 aut
1858 2082 2039 2148 unde
2063 2083 2293 2148 emisti
2311 2085 2342 2147 ,θ

404 2228 453 2290 i.
505 2248 568 2290 e.
640 2226 794 2313 quis
864 2223 994 2289 tibi
1060 2223 1228 2290 hanc
1292 2223 1601 2293 vendidit
1628 2270 1648 2303 ,
1718 2222 1944 2289 addita
2006 2228 2342 2310 mancipa-

403 2343 587 2407 tione
613 2387 635 2421 ‚
724 2337 835 2406 vel
902 2362 942 2404 a
1007 2360 1136 2426 quo
1199 2340 1368 2413 citra
1434 2340 1988 2425 mancipationem
2055 2338 2338 2404 emisti?

401 2453 575 2520 Nam
640 2457 715 2519 in
781 2475 1151 2521 servorum-
1191 2454 1587 2541 praesertim
1653 2453 1944 2518 dominio
1964 2446 2187 2539 mag'ni
2233 2454 2336 2518 iu·

404 2582 652 2636 tererat
679 2614 700 2650 ,
792 2583 1058 2639 essetne
1123 2591 1216 2635 ex
1251 2575 1410 2658 J'ure
1456 2567 1830 2647 Quiritium
1856 2616 1878 2650 ,
1948 2590 2030 2633 an
2071 2567 2332 2633 bonita-

402 2687 576 2750 rium
605 2731 627 2765 ,
718 2686 1028 2771 quoniam
1094 2683 1269 2749 illud
1334 2685 1417 2750 ad
1453 2688 1706 2772 justam
1749 2685 2336 2755 manumissionem

398 2800 884 2891 requirebatur.
1947 2795 1976 2815 '

486 2973 579 3042 V.
625 2976 694 3036 2.
741 2993 846 3037 vs.
895 2975 1001 3038 16.

478 3114 690 3182 Nunc
732 3120 1101 3202 utriusque
1146 3116 1579 3203 disceptator
1624 3138 1848 3185 eccum
1892 3118 2095 3183 adest
2118 3143 2145 3185 .·
2202 3139 2323 3201 aye

1862 3231 2174 3315 disputa.
2223 3231 2322 3318 (3)

452 3516 532 3582 (3)
575 3519 755 3571 'fotum
817 3522 956 3572 hunc
1021 3521 1187 3570 locum
1235 3518 1309 3568 sio
1359 3520 1723 3585 expediendum
1771 3517 1956 3570 credo:
1999 3519 2206 3569 -Tranio
2255 3520 2319 3568 ad

393 3614 757 3680 Theuropidem
791 3634 863 3668 ve.
907 3617 1024 3667 15.:
1074 3616 1286 3682 loquere
1319 3630 1495 3673 nunc,
1536 3615 1668 3680 quid
1684 3617 1919 3682 fecerim
1937 3633 1953 3664 .·
1990 3615 2147 3664 aden
2177 3631 2320 3665 nunc

382 3714 706 3776 disceptator
753 3708 1069 3762 domesticu:
1085 3748 1099 3773 ,
1154 3710 1387 3770 arbiter,
1444 3712 1539 3776 qui
1588 3712 1735 3759 inter
1767 3726 1865 3761 nos
1883 3711 2159 3776 judicium
2194 3726 2308 3758 ous-

370 3795 567 3873 ‘cp'pioa
667 3791 1037 3870 Theuropides·
1071 3809 1242 3870 itaque
1307 3807 1491 3872 incipit
1539 3823 1704 3855 coram
1753 3804 1942 3856 arbitro
1994 3804 2313 3854 Callidamate
2352 3818 2365 3831 ‘

381 3918 579 3953 causam
614 3918 786 3952 orare:
831 3898 1019 3964 filium
1055 3902 1355 3964 cor-rupino
1389 3902 1479 3966 ajo
1517 3907 1567 3949 te
1600 3915 1789 3951 meum.
1862 3897 2044 3947 Tranio
2078 3910 2196 3947 vero
2231 3896 2311 3943 in-
