2842 4767
1368 269 1477 343 48

455 512 679 581 Senex
747 507 1151 594 Periplmnes
1222 527 1416 574 servo
1483 529 1604 573 suo
1667 508 1951 595 Epidico
2017 514 2100 578 ⁵0
2157 516 2371 595 minas

448 638 903 694 numeraverat
928 669 950 703 ,
1017 635 1091 687 ut
1133 619 1479 688 fidicinam
1522 639 2129 709 praemercaretur‘,
2178 651 2368 716 quam

445 743 632 809 filius
701 741 941 804 dudum
1008 736 1394 812 adamabat3
1486 738 1606 802 sed
1651 741 1957 825 quoniam
2002 763 2195 807 servo
2240 746 2369 810 stic-

440 857 854 945 pulationem
941 854 1353 918 committere
1421 850 1691 917 nolebat
1718 900 1738 933 ‚
1828 855 2111 919 amicum
2179 879 2374 928 suum

440 969 852 1057 Apoecidem
920 966 1200 1044 ICtum,
1290 968 1409 1052 qui
1466 970 1626 1053 jura
1692 966 2011 1057 legesque
2058 972 2321 1038 tenebat
2347 1014 2371 1053 ,

440 1082 554 1151 illi
598 1080 909 1168 adjungit
951 1093 1326 1156 auctorem,
1374 1082 1489 1164 qui
1519 1125 1540 1159 ‚
1588 1103 1791 1168 quum
1833 1106 1874 1148 a
1914 1081 2151 1152 lenone
2193 1107 2376 1152 man..-

438 1200 618 1285 cipio
663 1196 963 1280 accipere
1006 1190 1185 1286 nihil
1229 1191 1499 1266 curabat
1544 1192 1958 1280 Periphanes
1988 1243 2008 1276 ‚
2080 1197 2369 1285 stipula-⁴

432 1314 625 1377 tione
660 1319 931 1375 caveret
975 1306 1057 1371 de
1102 1307 1474 1374 evictione:
1539 1329 1734 1393 quam
1777 1308 1860 1374 ob
1906 1330 2171 1393 causam
2212 1311 2368 1378 leno

437 1450 543 1492 vs.
589 1430 696 1492 33.
762 1423 1178 1487 sceleratum
1242 1439 1442 1484 suun
1502 1430 1721 1506 caput
1763 1424 2069 1506 alliqare
2101 1471 2122 1502 ,
2200 1426 2258 1491 i;
2300 1450 2368 1492 ο.

441 1537 878 1626 stipulatione
902 1533 1223 1621 ‘obligare
1266 1531 1543 1598 dicitur.

534 1655 791 1722 Cautio
837 1648 960 1715 illa
986 1694 1006 1728 ,
1058 1647 1140 1714 de
1185 1668 1317 1734 qua
1359 1668 1581 1713 sermo
1626 1661 1774 1729 est,
1823 1651 2046 1739 itaque
2088 1673 2221 1720 non
2266 1656 2372 1720 in·

447 1768 819 1857 tellig'enda
880 1777 986 1830 est
1040 1761 1121 1827 do
1165 1761 1600 1850 sponsoribus
1648 1761 1761 1828 vel
1800 1761 2317 1850 fidejussoribus
2349 1811 2369 1848 ,

438 1888 559 1973 qui
582 1906 597 1920 ·
643 1882 862 1947 rarius
921 1875 1355 1966 ‚emtionibus
1446 1889 1514 1942 et
1595 1877 2100 1945 venditionibus
2186 1903 2374 1950 acce-

436 1998 652 2076 dunt3
726 2011 929 2083 quum
987 1988 1459 2075 stipulationes
1506 1987 1618 2053 his
1662 1987 2188 2076 obligationibus
2234 1997 2372 2064 fre-
2446 1985 2476 2095 ss

438 2111 884 2204 quentissime
944 2101 1383 2189 adjiciuntur.
1489 2098 1709 2167 Multo
1773 2107 1997 2171 minus
2056 2106 2137 2173 de
2177 2119 2369 2195 prae'-
2506 2180 2526 2191 s

438 2229 637 2295 dibus
682 2236 751 2290 et
790 2217 1087 2308 praediis
1133 2214 1247 2280 hic
1291 2214 1510 2299 accipi
1548 2228 1769 2302 potest
1792 2218 2065 2285 verbum
2086 2243 2368 2303 cavere,

441 2340 751 2431 quoniam
815 2330 947 2398 soli
1012 2332 1351 2415 mancipes
1419 2342 1489 2394 et
1551 2329 1899 2417 publicani
1965 2335 2063 2399 ita
2122 2336 2368 2423 populo

345 2525 350 2530 ,
436 2433 776 2522 aerariove
843 2445 1170 2513 satisdare
1239 2441 1545 2509 solebant
1567 2488 1590 2523 ‚
1685 2466 1806 2511 nec
1876 2470 2160 2536 unquam
2244 2450 2369 2518 hoc

438 2569 631 2637 modo
693 2565 981 2653 privatis
1028 2555 1430 2626 satisfiebat.
1540 2557 1816 2626 Auctor
1870 2560 1982 2628 hic
2029 2576 2134 2629 est
2153 2609 2180 2654 Β,
2250 2568 2368 2655 qui

302 2689 307 2700 ’
435 2683 898 2755 auctoritatem
947 2697 1134 2743 suam
1176 2676 1447 2760 negotio
1491 2675 1968 2754 accommodat,
2015 2691 2244 2760 cavet,
2293 2703 2373 2747 ac

430 2787 742 2894 providet
771 2841 793 2873 ,
840 2773 1138 2858 ufrecte
1182 2801 1476 2877 geratur.
1572 2788 1687 2855 Sic
1734 2802 1986 2856 tutores
2015 2837 2036 2872 ‚
2107 2795 2211 2859 sic
2250 2817 2368 2882 pa·

376 2908 380 2911 Α
434 2931 572 2981 tres
640 2912 953 2976 dicuntur
1016 2914 1338 2970 auctores
1366 2950 1387 2984 ,
1451 2891 1544 2968 ¹si
1592 2904 1852 2992 quando
1919 2928 2040 2994 pro
2082 2903 2363 2996 pupillis

433 3030 547 3099 vel
588 3028 832 3094 liberis
881 3025 1026 3090 suis
1072 3018 1528 3087 intercedunt:
1557 3015 1675 3086 ὀί.
1697 3019 1905 3089 Gron.
1926 3012 2363 3091 noeumane.

435 3148 600 3235 rag.
647 3145 764 3212 151
816 3162 920 3226 sq.

1069 3302 1437 3313 -u--a———a-

921 3377 1828 3485 BACCHIDE&

515 3677 576 3744 Ι.
625 3681 689 3744 1.
738 3699 842 3742 vs.
890 3680 1002 3745 59.

823 3838 1005 3884 nunc
1047 3841 1172 3905 eqo
1199 3822 1521 3901 ‚mulier
1548 3864 1570 3900 ,
1623 3817 1757 3884 ubi
1800 3835 1898 3881 me
1941 3829 2303 3918 emancupo
2333 3832 2358 3874 .·

613 3935 800 4004 Tuus
844 3957 988 4003 sun·
1014 3982 1035 4016 ,
1086 3932 1219 4004 tab-⁶
1261 3936 1434 4003 dedo
1480 3947 1777 4019 operoso.
