2842 4767
1226 203 1335 275 54

353 457 656 535 poterant
703 442 999 508 tribuere
1022 486 1043 520 ,
1091 440 1516 508 adversarios
1562 444 1888 531 ingenuos
1937 461 2006 512 et
2050 449 2293 515 hones-

359 576 462 630 tos
528 558 806 648 (quibus
853 580 930 623 se
971 569 1280 622 accenset
1334 555 1519 643 leno)
1585 562 1660 624 in
1704 583 2035 629 carcerem
2075 568 2300 651 priva-

360 693 498 744 tum
541 674 651 740 vel
695 677 767 739 in
804 678 922 759 jus
969 672 1303 758 rapiendi.
1395 672 1818 741 Vocabulum
1861 683 2251 746 intestatae
2280 725 2299 759 ,

366 791 542 879 qnod
606 800 885 873 usurpat
948 786 1104 852 leno
1169 807 1288 873 pro
1357 790 1509 852 sine
1554 798 2077 873 attrectatione,
2166 793 2305 860 alio

363 926 567 972 sensu
611 905 801 967 venit
845 904 919 967 in
963 924 1062 966 ec.
1107 907 1573 987 praec-mm,
1622 909 2008 972 intestatus
2035 910 2302 980 vivito,-

366 1022 502 1106 imo
543 1019 769 1104 potius
815 1015 1152 1101 duplicem
1196 1016 1321 1080 hoc
1355 997 1803 1085 loco⁸sensum
1826 1019 2065 1102 habet,
2113 1043 2314 1109 quum

369 1135 518 1199 sine
563 1130 769 1195 dubio
811 1129 1084 1194 eandem
1127 1131 1268 1193 vim
1311 1127 1427 1192 illi
1471 1134 1883 1200 commodare
1928 1134 2076 1200 vult
2100 1135 2314 1202 Phae-

376 1248 642 1313 dromus
671 1291 693 1324 ‚
741 1263 937 1331 quam
981 1240 1183 1307 habet
1225 1242 1667 1310 intestabilis
1708 1245 1926 1310 Merc.
1973 1249 2038 1311 5.
2086 1269 2153 1312 v.
2180 1251 2315 1325 24,

385 1361 506 1427 ubi
568 1357 1040 1425 intestabilem
1107 1360 1340 1422 vivere
1386 1356 1567 1422 idem
1612 1371 1761 1436 est,
1832 1359 2008 1446 quod
2050 1357 2162 1424 hic
2208 1364 2318 1425 in-

380 1483 712 1541 testatum
758 1476 1017 1562 vicere.
1100 1466 1322 1543 Quum
1358 1473 1674 1536 nimirum
1718 1472 1837 1539 lex
1874 1472 2167 1561 aliquem
2216 1475 2322 1538 in-

380 1586 763 1657 testabilem
810 1607 961 1651 esse
980 1583 1310 1671 jubebat,
1358 1583 1563 1670 hujus
1594 1587 2042 1653 testimonium
2065 1590 2323 1675 recipe-

385 1730 458 1773 re
475 1752 497 1786 ,
548 1718 616 1770 et
642 1715 714 1768 ut
741 1701 867 1766 alii
889 1700 1175 1778 addunt,
1205 1699 1342 1785 ipsi
1367 1701 1829 1766 testimonium
1852 1702 2076 1768 dicere
2103 1747 2123 1780 ,
2153 1702 2325 1769 alios

386 1819 694 1887 vetabat:
764 1839 892 1903 quo
959 1814 1151 1880 modo
1225 1816 1706 1900 interpretatur
1751 1814 1963 1902 Gajus
1990 1863 2012 1895 ,
2078 1818 2167 1883 L.
2214 1824 2327 1886 26.

382 1933 551 2021 Dig.
600 1930 737 2006 Qui
774 1942 934 1995 test.
957 1931 1089 1995 fac.
1114 1951 1299 2015 poss·
1362 1929 1529 1993 Erat
1552 1931 1767 2014 igitur
1792 1930 2111 1995 infamiae
2133 1944 2324 2009 nota,

379 2048 650 2136 legibus
696 2049 928 2111 inusta
999 2043 1121 2128 (cf.
1171 2044 1410 2130 fragm.
1455 2040 1605 2107 XII
1653 2041 1867 2108 Tabb.
1926 2045 2098 2131 apud
2145 2043 2326 2110 Gell.

383 2161 476 2230 N.
522 2161 612 2229 A.
655 2158 824 2242 XV,
860 2158 1022 2243 n13),
1072 2179 1238 2243 quae
1281 2158 1419 2221 vim
1446 2177 1630 2230 suam
1653 2177 1782 2223 non
1808 2170 2058 2222 tantum
2081 2161 2154 2222 in
2169 2164 2330 2245 jura

387 2278 639 2342 civium
680 2247 991 2358 publiea,
1039 2270 1158 2336 sed
1204 2273 1274 2335 in
1316 2270 1582 2356 privata
1620 2294 1885 2358 'quoque
1930 2271 2321 2336 exserebat:

392 2389 755 2457 secundnm
840 2384 1014 2450 alios
1083 2383 1208 2449 hoc
1275 2407 1538 2472 quoque
1604 2383 1981 2465 efficiebat,
2074 2398 2148 2449 ut
2210 2405 2330 2449 no-

393 2515 572 2569 tatus
638 2500 817 2567 nihil
885 2524 976 2567 ex
1031 2503 1522 2580 instrumento,
1588 2520 1803 2564 coram
1848 2496 2148 2564 testibus
2191 2499 2334 2563 fac-

392 2634 508 2698 to·‚
580 2619 979 2705 adquirere,
1047 2637 1172 2706 nec
1237 2612 1386 2699 ipse
1435 2612 1580 2684 ‚tale
1625 2616 2136 2678 instrumentum
2175 2632 2334 2677 con-

400 2737 557 2802 dere
601 2745 855 2819 posset.
948 2729 1169 2797 Briss.
1239 2729 1322 2795 de
1365 2728 1461 2795 V.
1511 2728 1608 2804 S.a
1656 2731 1709 2792 i.
1755 2750 1825 2793 v.
1919 2723 2290 2814 Sch‘weppe
2314 2770 2337 2805 ,

286 2923 289 2926 ,
402 2850 596 2916 Rem.
669 2845 995 2932 Rechtsg.
1061 2850 1099 2926 5
1161 2848 1317 2910 242.
1428 2842 1649 2919 Quare
1715 2842 2158 2908 intestabilie
2220 2864 2340 2929 pro

398 2965 626 3030 ecdem
668 2960 1011 3025 habendus
1039 3005 1059 3038 ‚
1108 2962 1224 3045 qui
1267 2972 1500 3045 postea
1543 2957 1990 3025 detestabilis
2031 2960 2211 3036 fere,
2262 2978 2336 3020 ac

399 3080 688 3160 infamis
733 3074 1104 3141 dicebatur.

486 3189 938 3259 Intestabilis
984 3202 1052 3253 et
1094 3193 1482 3255 intestatus
1531 3196 1884 3254 occurrunt
1908 3183 2112 3249 etiam
2138 3178 2337 3246 Curc-

408 3312 760 3386 1.1.30‚
810 3317 876 3371 et
918 3302 1080 3371 Mil.
1132 3307 1170 3368 5
1214 3326 1319 3370 ve.
1364 3310 1498 3371 23.
1566 3302 1713 3368 Hoc
1754 3300 1902 3366 loco
1947 3299 2096 3382 sine
2141 3293 2345 3360 dubio

409 3441 614 3487 sensu
657 3422 985 3488 obscoeno
1030 3415 1323 3493 dicitur3
1374 3416 1498 3482 illo
1526 3438 1684 3481 vero
1727 3412 1924 3479 valde
1966 3412 2349 3498 ambignum

409 3549 560 3613 eet,
608 3535 780 3622 quod
825 3527 1275 3601 ex'versibns
1324 3553 1477 3620 sqq.
1524 3542 1822 3617 apparet.

495 3650 682 3729 Quae
770 3650 1116 3741 hucusque
1184 3651 1265 3716 de
1331 3648 1774 3715 antestatione
1842 3669 1879 3711 e
1945 3642 2186 3710 Plauto
2249 3638 2347 3703 al-

407 3767 545 3834 lata
628 3777 787 3831 sunt
811 3808 832 3843 ‚
923 3764 1192 3831 aliunde
1279 3763 1789 3831 confirmantur:
1891 3771 2048 3824 sunt
2119 3745 2347 3818 'tamen

406 3895 751 3970 praeterea
841 3878 1160 3966 quaedam
1185 3924 1207 3958 ,
1295 3901 1461 3966 quae
1526 3875 1711 3942 nulla
1737 3921 1759 3955 ,
1848 3871 2020 3960 qnod
2089 3866 2296 3934 sciam
2323 3907 2346 3943 ‚
