2842 4767
1282 258 1388 339 58

358 515 538 568 recte
585 500 887 565 dicatur:
962 497 1162 563 dixit
1201 495 1339 562 eibi
1383 495 1742 562 redhibere
1771 544 1791 578 ,
1881 518 2008 584 pro
2045 500 2245 564 dixit
2270 546 2291 579 ,

355 638 453 683 me
497 614 636 681 eibi
679 615 880 681 illam
912 634 1121 699 poue
1166 611 1577 694 redhibere,
1624 612 1736 679 vel
1766 619 2042 697 jussit,
2090 617 2291 681 illan

355 732 492 798 sibu·
582 728 936 797 redhiberi
963 753 1005 796 :.
1078 727 1383 814 (contraz
1478 729 1680 795 dixit
1742 750 1814 795 ee
1882 730 2241 796 redhibere
2267 724 2308 810 ,'

349 867 506 932 pro:
524 846 725 911 dixit
743 865 816 909 ee
841 842 1350 910 adhibiturum
1373 866 1533 910 vere
1551 844 1938 911 Plautinum
1960 845 2095 932 est)
2110 846 2295 934 ⁴quod

345 974 692 1049 praeterea
736 961 904 1025 hanc
949 960 1031 1025 ob
1076 982 1341 1026 causam
1380 962 1606 1026 minus
1650 956 1967 1047 probatur
1986 1005 2008 1039 ,
2058 964 2294 1047 quoni·

349 1064 455 1141 am
523 1075 715 1141 verbi
781 1074 1140 1141 redhibere
1200 1073 1606 1162 etymologia
1649 1075 1932 1141 suadere
1974 1074 2243 1141 videtur
2271 1120 2292 1154 ,

346 1202 422 1255 ut
500 1189 836 1255 venditori
918 1190 1142 1274 potius
1168 1234 1188 1268 ,
1279 1209 1477 1276 quam
1567 1191 1806 1253 emtori
1884 1188 2080 1253 detur
2104 1233 2126 1268 ,
2220 1202 2289 1252 et

346 1306 719 1391 antiquitus
788 1304 1010 1369 datum
1075 1306 1194 1369 sit.
1282 1301 1524 1369 Plauto
1591 1305 1806 1391 igitur
1868 1301 2032 1369 haec
2099 1300 2289 1368 verbi
2364 1359 2372 1367 .

348 1421 532 1484 notio
576 1440 706 1483 non
751 1418 1196 1506 abjudicanda
1241 1430 1368 1482 est.

436 1530 632 1610 Quod
673 1556 869 1621 porro
914 1534 1144 1598 eodem
1187 1531 1405 1597 Merc.
1454 1551 1654 1597 versu
1697 1529 1991 1619 legitur:
2039 1536 2106 1595 ei
2151 1549 2288 1594 non

335 1647 631 1734 placet,
726 1661 832 1712 est
908 1644 1194 1711 formula
1255 1645 1768 1712 venditionibus
1838 1647 2105 1732 saepius
2171 1645 2285 1710 ad-

336 1767 564 1849 jecta,
635 1783 763 1848 qua
814 1759 1162 1838 rescindi,
1234 1773 1582 1849 emtaeque
1626 1783 1735 1827 res
1781 1760 2126 1827 redhiberi
2167 1783 2284 1848 po-

345 1889 587 1943 terant.
680 1875 989 1940 Motibus
1057 1888 1276 1941 tamen
1340 1874 1516 1941 illud
1560 1880 1776 1963 magis
1806 1921 1828 1956 ,
1901 1898 2095 1963 quam
2129 1881 2289 1963 jure

336 1987 702 2078 pervaluit.
791 1988 1120 2078 Exempla
1184 1991 1341 2056 vide
1408 1991 1582 2077 apud
1650 1990 1871 2056 Brisa.
1931 1992 2014 2057 de
2060 1992 2280 2057 Form.

343 2104 478 2172 VI.
526 2129 586 2171 c.
632 2110 743 2174 46.

430 2274 563 2342 lv.
611 2282 677 2343 3.
725 2301 831 2344 vs.
876 2283 988 2344 21.
1079 2278 1444 2353 arrhabo„

432 2417 764 2494 Quoniam
845 2424 1167 2488 emtiones
1231 2423 1655 2489 venditiones
1744 2420 1887 2487 solo
1954 2433 2284 2486 consensu

344 2518 676 2620 perfectas
723 2529 1208 2604 existimabant
1231 2582 1253 2616 ,
1346 2535 1553 2603 simul
1594 2559 1670 2603 ac
1711 2520 2014 2624 pretium·
2046 2530 2288 2600 conve-

347 2666 583 2732 nerat,
647 2653 946 2718 moribus
1015 2653 1464 2719 introductum
1510 2665 1614 2719 est
1639 2699 1659 2733 ,
1730 2667 1805 2716 ut
1847 2650 2084 2717 horum
2127 2670 2285 2716 con-

346 2777 674 2832 tractuum
740 2769 1021 2854 pignora
1086 2767 1399 2833 darentur
1463 2768 1546 2832 ab
1613 2765 1980 2832 emtoribus
2003 2812 2025 2846 ,
2119 2785 2286 2853 quae

345 2880 744 2968 perderent,
814 2881 1142 2970 siquando
1206 2902 1247 2946 a
1310 2894 1653 2949 contractu
1720 2883 2112 2950 recederent
2155 2880 2284 2967 (2).

350 2992 610 3062 Arrhae
679 2994 871 3062 datae
940 2998 1169 3086 itaque
1215 3017 1344 3063 non
1388 2999 1714 3064 inducunt
1757 2996 2238 3086 obligationem
2262 3038 2286 3072 ,

349 3110 473 3175 sed
539 3110 917 3177 evidentius
976 3112 1281 3200 probant.
1378 3111 1474 3178 ‘Si
1531 3135 1692 3179 vero
1748 3113 1997 3198 pignus
2063 3109 2285 3172 datum

354 3240 496 3291 erat
521 3274 542 3307 ,
636 3226 969 3317 reliquum
1015 3238 1268 3296 tantum
1308 3230 1518 3317 pretii
1560 3227 1868 3294 conventi
1912 3224 1995 3289 ab
2040 3234 2289 3289 emtore

351 3341 757 3425 debebatur,
832 3343 1005 3434 quod
1071 3366 1163 3410 ex
1228 3366 1332 3410 vs·
1381 3350 1465 3412 27
1510 3343 1656 3430 huj.
1703 3361 1887 3406 scen.
1931 3338 2283 3418 videmu8‚

337 3534 521 3550 Μ·

419 3652 496 3718 (2)
529 3651 657 3700 Hinc
692 3652 889 3716 saepiu·
923 3653 1189 3712 arrhabo,
1227 3649 1348 3716 (qua
1383 3650 1576 3699 Graeca
1600 3664 1725 3698 voce
1742 3665 1938 3715 semper
1953 3648 2118 3699 utitur
2133 3647 2283 3697 Plau·

349 3748 459 3814 tus)
493 3762 584 3814 pro
615 3734 796 3811 ‹inovi-
828 3746 1036 3810 pignore
1069 3748 1259 3797 dicitur
1278 3783 1291 3807 ,
1331 3753 1388 3797 et
1418 3745 1636 3797 vicissim
1663 3747 1867 3811 piqmu
1898 3761 1992 3812 pro
2025 3741 2284 3794 arrhabo·

352 3861 419 3894 m
452 3848 722 3911 usurpatur
752 3842 900 3892 nost.
939 3841 990 3892 4.
1025 3842 1060 3890 2
1090 3842 1176 3891 ⁶2.
