<?xml version="1.0" encoding="UTF-8"?>
<!DOCTYPE html PUBLIC "-//W3C//DTD XHTML 1.0 Transitional//EN"
    "http://www.w3.org/TR/xhtml1/DTD/xhtml1-transitional.dtd">
<html xmlns="http://www.w3.org/1999/xhtml" xml:lang="en" lang="en">
 <head>
  <title>
</title>
<meta http-equiv="Content-Type" content="text/html;charset=utf-8" />
  <meta name='ocr-system' content='tesseract 3.04.00' />
  <meta name='ocr-capabilities' content='ocr_page ocr_carea ocr_par ocr_line ocrx_word'/>
</head>
<body>
  <div class='ocr_page' id='page_1' title='image "./specimenjuridic00romegoog_0021.png"; bbox 0 0 2842 4767; ppageno 0'>
   <div class='ocr_carea' id='block_1_1' title="bbox 1457 223 1510 296">
    <p class='ocr_par' dir='ltr' id='par_1_1' title="bbox 1457 223 1510 296">
     <span class='ocr_line' id='line_1_1' title="bbox 1457 223 1510 296; baseline 0 0"><span class='ocrx_word' id='word_1_1' title='bbox 1457 223 1510 296; x_wconf 79' lang='lat'>9</span> 
     </span>
    </p>
   </div>
   <div class='ocr_carea' id='block_1_2' title="bbox 434 458 2447 1460">
    <p class='ocr_par' dir='ltr' id='par_1_2' title="bbox 434 458 2447 1460">
     <span class='ocr_line' id='line_1_2' title="bbox 516 458 2442 554; baseline -0.001 -26"><span class='ocrx_word' id='word_1_2' title='bbox 516 459 670 528; x_wconf 86' lang='lat' dir='ltr'><strong>Non</strong></span> <span class='ocrx_word' id='word_1_3' title='bbox 712 484 860 527; x_wconf 84' lang='lat' dir='ltr'><strong>raro</strong></span> <span class='ocrx_word' id='word_1_4' title='bbox 904 460 1027 538; x_wconf 81' lang='lat' dir='ltr'><strong>ille</strong></span> <span class='ocrx_word' id='word_1_5' title='bbox 1051 505 1072 539; x_wconf 90' lang='lat'><strong><em>‚</em></strong></span> <span class='ocrx_word' id='word_1_6' title='bbox 1145 465 1262 554; x_wconf 80' lang='lat' dir='ltr'><strong>qui</strong></span> <span class='ocrx_word' id='word_1_7' title='bbox 1302 466 1698 549; x_wconf 74' lang='lat' dir='ltr'><strong>promiserat</strong></span> <span class='ocrx_word' id='word_1_8' title='bbox 1723 510 1742 543; x_wconf 89' lang='lat'>,</span> <span class='ocrx_word' id='word_1_9' title='bbox 1810 474 2036 542; x_wconf 69' lang='lat' dir='ltr'><strong>eontra</strong></span> <span class='ocrx_word' id='word_1_10' title='bbox 2081 458 2442 549; x_wconf 70' lang='lat' dir='ltr'><strong>stipulaba.,</strong></span> 
     </span>
     <span class='ocr_line' id='line_1_3' title="bbox 515 572 2443 668; baseline 0.001 -29"><span class='ocrx_word' id='word_1_11' title='bbox 515 589 630 640; x_wconf 85' lang='lat' dir='ltr'><strong>-tur</strong></span> <span class='ocrx_word' id='word_1_12' title='bbox 676 572 766 666; x_wconf 24' lang='lat' dir='ltr'><strong>ab-</strong></span> <span class='ocrx_word' id='word_1_13' title='bbox 806 572 976 657; x_wconf 80' lang='lat' dir='ltr'><strong>illo,</strong></span> <span class='ocrx_word' id='word_1_14' title='bbox 1046 579 1156 643; x_wconf 84' lang='lat' dir='ltr'><strong>cui</strong></span> <span class='ocrx_word' id='word_1_15' title='bbox 1203 580 1602 665; x_wconf 74' lang='lat' dir='ltr'><strong>promiserat</strong></span> <span class='ocrx_word' id='word_1_16' title='bbox 1624 622 1646 666; x_wconf 56' lang='lat'>2</span> <span class='ocrx_word' id='word_1_17' title='bbox 1717 580 1833 668; x_wconf 82' lang='lat' dir='ltr'><strong>qui</strong></span> <span class='ocrx_word' id='word_1_18' title='bbox 1897 576 2122 646; x_wconf 82' lang='lat' dir='ltr'><strong>eadem</strong></span> <span class='ocrx_word' id='word_1_19' title='bbox 2188 577 2443 641; x_wconf 88' lang='lat' dir='ltr'><strong>ratione</strong></span> 
     </span>
     <span class='ocr_line' id='line_1_4' title="bbox 434 672 2446 781; baseline -0.001 -25"><span class='ocrx_word' id='word_1_20' title='bbox 434 759 441 765; x_wconf 72' lang='grc'><strong>,</strong></span> <span class='ocrx_word' id='word_1_21' title='bbox 523 672 1018 777; x_wconf 84' lang='lat' dir='ltr'><strong>repromittebat</strong></span> <span class='ocrx_word' id='word_1_22' title='bbox 1045 739 1066 773; x_wconf 90' lang='lat'><strong>,</strong></span> <span class='ocrx_word' id='word_1_23' title='bbox 1152 715 1319 781; x_wconf 87' lang='lat' dir='ltr'><strong>quae</strong></span> <span class='ocrx_word' id='word_1_24' title='bbox 1383 690 1594 758; x_wconf 85' lang='lat' dir='ltr'><strong>altera</strong></span> <span class='ocrx_word' id='word_1_25' title='bbox 1663 691 2095 778; x_wconf 85' lang='lat' dir='ltr'><strong>interrogatio</strong></span> <span class='ocrx_word' id='word_1_26' title='bbox 2157 712 2231 754; x_wconf 83' lang='lat' dir='ltr'><strong>ac</strong></span> <span class='ocrx_word' id='word_1_27' title='bbox 2294 711 2446 776; x_wconf 90' lang='lat' dir='ltr'><strong>pro-</strong></span> 
     </span>
     <span class='ocr_line' id='line_1_5' title="bbox 518 806 2447 894; baseline -0.001 -25"><span class='ocrx_word' id='word_1_28' title='bbox 518 807 759 871; x_wconf 84' lang='lat' dir='ltr'>missio</span> <span class='ocrx_word' id='word_1_29' title='bbox 803 806 1146 873; x_wconf 79' lang='lat' dir='ltr'><strong>dicebatur</strong></span> <span class='ocrx_word' id='word_1_30' title='bbox 1197 808 1654 894; x_wconf 68' lang='lat' dir='ltr'><strong>restipulatio</strong></span> <span class='ocrx_word' id='word_1_31' title='bbox 1706 820 1770 873; x_wconf 91' lang='lat' dir='ltr'><strong>et</strong></span> <span class='ocrx_word' id='word_1_32' title='bbox 1798 808 2263 892; x_wconf 72' lang='lat' dir='ltr'><strong>repromissio,</strong></span> <span class='ocrx_word' id='word_1_33' title='bbox 2354 806 2447 870; x_wconf 85' lang='lat' dir='ltr'><strong>of.</strong></span> 
     </span>
     <span class='ocr_line' id='line_1_6' title="bbox 524 903 2441 1006; baseline -0.003 -21"><span class='ocrx_word' id='word_1_34' title='bbox 524 918 672 985; x_wconf 79' lang='lat' dir='ltr'><strong>Cio.</strong></span> <span class='ocrx_word' id='word_1_35' title='bbox 714 943 831 1006; x_wconf 90' lang='lat' dir='ltr'><strong>pro</strong></span> <span class='ocrx_word' id='word_1_36' title='bbox 880 921 1081 988; x_wconf 85' lang='lat' dir='ltr'><strong>Roso.</strong></span> <span class='ocrx_word' id='word_1_37' title='bbox 1130 920 1317 987; x_wconf 86' lang='lat' dir='ltr'><strong>Com.</strong></span> <span class='ocrx_word' id='word_1_38' title='bbox 1364 945 1424 987; x_wconf 85' lang='lat' dir='ltr'><strong>o.</strong></span> <span class='ocrx_word' id='word_1_39' title='bbox 1474 926 1555 988; x_wconf 88' lang='grc'><strong>13</strong></span> <span class='ocrx_word' id='word_1_40' title='bbox 1601 934 1668 986; x_wconf 88' lang='lat' dir='ltr'><strong>et</strong></span> <span class='ocrx_word' id='word_1_41' title='bbox 1711 920 1836 986; x_wconf 85' lang='lat' dir='ltr'><strong>ult.</strong></span> <span class='ocrx_word' id='word_1_42' title='bbox 1927 920 2074 984; x_wconf 83' lang='lat' dir='ltr'><strong>Hoc</strong></span> <span class='ocrx_word' id='word_1_43' title='bbox 2116 903 2264 982; x_wconf 75' lang='lat' dir='ltr'><strong>loco</strong></span> <span class='ocrx_word' id='word_1_44' title='bbox 2285 941 2353 982; x_wconf 85' lang='lat' dir='ltr'><strong>v.</strong></span> <span class='ocrx_word' id='word_1_45' title='bbox 2380 942 2441 980; x_wconf 83' lang='lat' dir='ltr'><strong>c.</strong></span> 
     </span>
     <span class='ocr_line' id='line_1_7' title="bbox 515 1031 2443 1122; baseline 0.001 -28"><span class='ocrx_word' id='word_1_46' title='bbox 515 1037 894 1116; x_wconf 71' lang='lat' dir='ltr'><em>promissio</em></span> <span class='ocrx_word' id='word_1_47' title='bbox 939 1034 1160 1099; x_wconf 87' lang='lat' dir='ltr'><strong>fuerat</strong></span> <span class='ocrx_word' id='word_1_48' title='bbox 1202 1039 1587 1102; x_wconf 84' lang='lat' dir='ltr'><strong>mercatoris</strong></span> <span class='ocrx_word' id='word_1_49' title='bbox 1616 1082 1637 1115; x_wconf 92' lang='lat'>‚</span> <span class='ocrx_word' id='word_1_50' title='bbox 1688 1039 1806 1122; x_wconf 88' lang='lat' dir='ltr'><strong>qui</strong></span> <span class='ocrx_word' id='word_1_51' title='bbox 1848 1041 1935 1100; x_wconf 85' lang='lat'><strong>20</strong></span> <span class='ocrx_word' id='word_1_52' title='bbox 1964 1031 2169 1097; x_wconf 81' lang='lat' dir='ltr'><strong>minis</strong></span> <span class='ocrx_word' id='word_1_53' title='bbox 2217 1034 2443 1096; x_wconf 86' lang='lat' dir='ltr'><strong>asinos</strong></span> 
     </span>
     <span class='ocr_line' id='line_1_8' title="bbox 528 1135 2444 1232; baseline -0.001 -21"><span class='ocrx_word' id='word_1_54' title='bbox 528 1159 772 1211; x_wconf 87' lang='lat' dir='ltr'><strong>emerat</strong></span> <span class='ocrx_word' id='word_1_55' title='bbox 798 1192 817 1225; x_wconf 91' lang='lat'>‚</span> <span class='ocrx_word' id='word_1_56' title='bbox 890 1161 957 1212; x_wconf 87' lang='lat' dir='ltr'><strong>et</strong></span> <span class='ocrx_word' id='word_1_57' title='bbox 1028 1135 1462 1232; x_wconf 84' lang='lat' dir='ltr'><strong>stipulatione</strong></span> <span class='ocrx_word' id='word_1_58' title='bbox 1521 1148 1603 1212; x_wconf 83' lang='lat' dir='ltr'><strong>ad</strong></span> <span class='ocrx_word' id='word_1_59' title='bbox 1652 1168 1762 1212; x_wconf 87' lang='lat' dir='ltr'><strong>eas</strong></span> <span class='ocrx_word' id='word_1_60' title='bbox 1811 1137 2161 1212; x_wconf 82' lang='lat' dir='ltr'><strong>solvendas</strong></span> <span class='ocrx_word' id='word_1_61' title='bbox 2208 1168 2283 1210; x_wconf 87' lang='lat' dir='ltr'><strong>se</strong></span> <span class='ocrx_word' id='word_1_62' title='bbox 2326 1145 2444 1210; x_wconf 88' lang='lat' dir='ltr'><strong>ob-</strong></span> 
     </span>
     <span class='ocr_line' id='line_1_9' title="bbox 526 1259 2444 1346; baseline 0 -23"><span class='ocrx_word' id='word_1_63' title='bbox 526 1260 936 1327; x_wconf 76' lang='lat' dir='ltr'><strong>strinxerat:</strong></span> <span class='ocrx_word' id='word_1_64' title='bbox 1013 1265 1457 1345; x_wconf 82' lang='lat' dir='ltr'><strong>repromissio</strong></span> <span class='ocrx_word' id='word_1_65' title='bbox 1530 1273 1636 1327; x_wconf 89' lang='lat' dir='ltr'><strong>est</strong></span> <span class='ocrx_word' id='word_1_66' title='bbox 1702 1259 1896 1325; x_wconf 89' lang='lat' dir='ltr'><strong>illius</strong></span> <span class='ocrx_word' id='word_1_67' title='bbox 1924 1305 1945 1339; x_wconf 86' lang='lat'><strong>,</strong></span> <span class='ocrx_word' id='word_1_68' title='bbox 2034 1260 2150 1346; x_wconf 84' lang='lat' dir='ltr'><strong>qui</strong></span> <span class='ocrx_word' id='word_1_69' title='bbox 2217 1259 2444 1323; x_wconf 84' lang='lat' dir='ltr'><strong>eodem</strong></span> 
     </span>
     <span class='ocr_line' id='line_1_10' title="bbox 520 1373 2441 1460; baseline -0.001 -22"><span class='ocrx_word' id='word_1_70' title='bbox 520 1374 710 1438; x_wconf 82' lang='lat' dir='ltr'><strong>modo</strong></span> <span class='ocrx_word' id='word_1_71' title='bbox 775 1377 1153 1460; x_wconf 86' lang='lat' dir='ltr'><strong>promittit,</strong></span> <span class='ocrx_word' id='word_1_72' title='bbox 1224 1375 1364 1459; x_wconf 88' lang='lat' dir='ltr'><strong>(vel</strong></span> <span class='ocrx_word' id='word_1_73' title='bbox 1434 1378 1635 1440; x_wconf 87' lang='lat' dir='ltr'><strong>etiam</strong></span> <span class='ocrx_word' id='word_1_74' title='bbox 1676 1377 1846 1440; x_wconf 81' lang='lat' dir='ltr'><strong>eitra</strong></span> <span class='ocrx_word' id='word_1_75' title='bbox 1892 1373 2392 1460; x_wconf 83' lang='lat' dir='ltr'><strong>stipulationem</strong></span> <span class='ocrx_word' id='word_1_76' title='bbox 2420 1419 2441 1452; x_wconf 92' lang='lat'>‚</span> 
     </span>
    </p>
   </div>
   <div class='ocr_carea' id='block_1_3' title="bbox 422 1487 2443 1688">
    <p class='ocr_par' dir='ltr' id='par_1_3' title="bbox 422 1487 2443 1686">
     <span class='ocr_line' id='line_1_11' title="bbox 422 1487 2440 1577; baseline -0.001 -23"><span class='ocrx_word' id='word_1_77' title='bbox 422 1506 427 1510; x_wconf 80' lang='grc'><em>·</em></span> <span class='ocrx_word' id='word_1_78' title='bbox 521 1492 828 1577; x_wconf 86' lang='lat' dir='ltr'><strong>quoniam</strong></span> <span class='ocrx_word' id='word_1_79' title='bbox 918 1512 1157 1556; x_wconf 85' lang='lat' dir='ltr'><strong>servus</strong></span> <span class='ocrx_word' id='word_1_80' title='bbox 1247 1487 1580 1576; x_wconf 88' lang='lat' dir='ltr'><strong>loquitur)</strong></span> <span class='ocrx_word' id='word_1_81' title='bbox 1676 1509 1815 1551; x_wconf 88' lang='lat' dir='ltr'><strong>rem</strong></span> <span class='ocrx_word' id='word_1_82' title='bbox 1905 1487 2189 1552; x_wconf 88' lang='lat' dir='ltr'><strong>solutam</strong></span> <span class='ocrx_word' id='word_1_83' title='bbox 2273 1488 2440 1554; x_wconf 86' lang='lat' dir='ltr'><strong>fore.</strong></span> 
     </span>
     <span class='ocr_line' id='line_1_12' title="bbox 518 1599 2443 1688; baseline -0.004 -17"><span class='ocrx_word' id='word_1_84' title='bbox 518 1600 716 1671; x_wconf 80' lang='lat' dir='ltr'><strong>Cure.</strong></span> <span class='ocrx_word' id='word_1_85' title='bbox 788 1607 850 1688; x_wconf 97' lang='grc'><strong>5.</strong></span> <span class='ocrx_word' id='word_1_86' title='bbox 902 1610 966 1667; x_wconf 88' lang='grc'><strong>2.</strong></span> <span class='ocrx_word' id='word_1_87' title='bbox 1010 1609 1093 1670; x_wconf 86' lang='grc'><strong>67</strong></span> <span class='ocrx_word' id='word_1_88' title='bbox 1167 1600 1363 1662; x_wconf 86' lang='lat' dir='ltr'><strong>miles</strong></span> <span class='ocrx_word' id='word_1_89' title='bbox 1432 1599 1826 1683; x_wconf 81' lang='lat' dir='ltr'><strong>promiserat</strong></span> <span class='ocrx_word' id='word_1_90' title='bbox 1851 1642 1870 1675; x_wconf 91' lang='lat'>‚</span> <span class='ocrx_word' id='word_1_91' title='bbox 1943 1600 2028 1661; x_wconf 89' lang='grc'><strong>30</strong></span> <span class='ocrx_word' id='word_1_92' title='bbox 2070 1600 2284 1663; x_wconf 91' lang='lat' dir='ltr'><strong>minas</strong></span> <span class='ocrx_word' id='word_1_93' title='bbox 2324 1621 2443 1686; x_wconf 92' lang='lat' dir='ltr'><strong>pro</strong></span> 
     </span>
    </p>
   </div>
   <div class='ocr_carea' id='block_1_4' title="bbox 411 1699 2442 1796">
    <p class='ocr_par' dir='ltr' id='par_1_4' title="bbox 411 1699 2442 1796">
     <span class='ocr_line' id='line_1_13' title="bbox 411 1699 2442 1796; baseline -0.002 -16"><span class='ocrx_word' id='word_1_94' title='bbox 411 1757 421 1767; x_wconf 87' lang='lat'><strong>·</strong></span> <span class='ocrx_word' id='word_1_95' title='bbox 520 1715 767 1781; x_wconf 85' lang='lat' dir='ltr'><strong>ancilla</strong></span> <span class='ocrx_word' id='word_1_96' title='bbox 812 1737 886 1777; x_wconf 90' lang='lat' dir='ltr'><strong>se</strong></span> <span class='ocrx_word' id='word_1_97' title='bbox 931 1709 1340 1778; x_wconf 88' lang='lat' dir='ltr'><strong>soluturum·</strong></span> <span class='ocrx_word' id='word_1_98' title='bbox 1402 1708 1556 1792; x_wconf 80' lang='lat' dir='ltr'><strong>leno</strong></span> <span class='ocrx_word' id='word_1_99' title='bbox 1600 1732 1756 1780; x_wconf 70' lang='lat' dir='ltr'><strong>vero</strong></span> <span class='ocrx_word' id='word_1_100' title='bbox 1800 1699 2248 1796; x_wconf 87' lang='lat' dir='ltr'><strong>repromittit,</strong></span> <span class='ocrx_word' id='word_1_101' title='bbox 2296 1733 2442 1776; x_wconf 87' lang='lat' dir='ltr'><strong>eas-</strong></span> 
     </span>
    </p>
   </div>
   <div class='ocr_carea' id='block_1_5' title="bbox 520 1824 2443 2045">
    <p class='ocr_par' dir='ltr' id='par_1_5' title="bbox 520 1824 2443 2045">
     <span class='ocr_line' id='line_1_14' title="bbox 522 1824 2443 1913; baseline -0.001 -22"><span class='ocrx_word' id='word_1_102' title='bbox 522 1829 671 1891; x_wconf 82' lang='lat' dir='ltr'><strong>dem</strong></span> <span class='ocrx_word' id='word_1_103' title='bbox 741 1826 889 1890; x_wconf 87' lang='lat' dir='ltr'><strong>sine</strong></span> <span class='ocrx_word' id='word_1_104' title='bbox 952 1825 1403 1891; x_wconf 82' lang='lat' dir='ltr'><strong>controversia</strong></span> <span class='ocrx_word' id='word_1_105' title='bbox 1484 1846 1558 1889; x_wconf 89' lang='lat' dir='ltr'><strong>se</strong></span> <span class='ocrx_word' id='word_1_106' title='bbox 1622 1824 2084 1905; x_wconf 82' lang='lat' dir='ltr'><strong>redditurum,</strong></span> <span class='ocrx_word' id='word_1_107' title='bbox 2181 1827 2247 1890; x_wconf 89' lang='lat' dir='ltr'><strong>si</strong></span> <span class='ocrx_word' id='word_1_108' title='bbox 2291 1828 2443 1913; x_wconf 86' lang='lat' dir='ltr'><strong>quis</strong></span> 
     </span>
     <span class='ocr_line' id='line_1_15' title="bbox 520 1937 2326 2045; baseline -0.002 -39"><span class='ocrx_word' id='word_1_109' title='bbox 520 1940 688 2006; x_wconf 78' lang='lat' dir='ltr'><strong>hano</strong></span> <span class='ocrx_word' id='word_1_110' title='bbox 729 1937 1004 2004; x_wconf 89' lang='lat' dir='ltr'><strong>liberali</strong></span> <span class='ocrx_word' id='word_1_111' title='bbox 1046 1941 1453 2004; x_wconf 83' lang='lat' dir='ltr'><strong>asseruisset</strong></span> <span class='ocrx_word' id='word_1_112' title='bbox 1487 1959 1708 2003; x_wconf 87' lang='lat' dir='ltr'><strong>manu.</strong></span> <span class='ocrx_word' id='word_1_113' title='bbox 1777 1940 1869 2004; x_wconf 81' lang='lat' dir='ltr'><strong>of.</strong></span> <span class='ocrx_word' id='word_1_114' title='bbox 1897 1942 1976 2040; x_wconf 49' lang='grc' dir='ltr'><strong>ἃ4.</strong></span> <span class='ocrx_word' id='word_1_115' title='bbox 2022 1945 2091 2045; x_wconf 73' lang='lat'><strong>²?</strong></span> <span class='ocrx_word' id='word_1_116' title='bbox 2133 1942 2182 2008; x_wconf 76' lang='lat'>4</span> <span class='ocrx_word' id='word_1_117' title='bbox 2223 1961 2326 2027; x_wconf 85' lang='lat' dir='ltr'><strong>sq.</strong></span> 
     </span>
    </p>
   </div>
   <div class='ocr_carea' id='block_1_6' title="bbox 595 2109 1112 2194">
    <p class='ocr_par' dir='ltr' id='par_1_6' title="bbox 595 2109 1112 2194">
     <span class='ocr_line' id='line_1_16' title="bbox 595 2109 1112 2194; baseline -0.004 -18"><span class='ocrx_word' id='word_1_118' title='bbox 595 2109 734 2194; x_wconf 76' lang='grc' dir='ltr'><strong>ΙΙΙ.</strong></span> <span class='ocrx_word' id='word_1_119' title='bbox 784 2115 849 2178; x_wconf 90' lang='grc'><strong>1.</strong></span> <span class='ocrx_word' id='word_1_120' title='bbox 891 2130 996 2186; x_wconf 68' lang='lat' dir='ltr'><strong>vs.</strong></span> <span class='ocrx_word' id='word_1_121' title='bbox 1047 2114 1112 2175; x_wconf 92' lang='lat' dir='ltr'><strong>l.</strong></span> 
     </span>
    </p>
   </div>
   <div class='ocr_carea' id='block_1_7' title="bbox 503 2248 2452 2941">
    <p class='ocr_par' dir='ltr' id='par_1_7' title="bbox 594 2248 2440 2338">
     <span class='ocr_line' id='line_1_17' title="bbox 594 2248 2440 2338; baseline 0.001 -23"><span class='ocrx_word' id='word_1_122' title='bbox 594 2248 950 2338; x_wconf 74' lang='lat' dir='ltr'><strong>Nequeon’</strong></span> <span class='ocrx_word' id='word_1_123' title='bbox 996 2271 1118 2335; x_wconf 71' lang='lat' dir='ltr'><strong>eqo</strong></span> <span class='ocrx_word' id='word_1_124' title='bbox 1165 2260 1235 2316; x_wconf 76' lang='lat' dir='ltr'><strong>te</strong></span> <span class='ocrx_word' id='word_1_125' title='bbox 1273 2251 1687 2318; x_wconf 68' lang='lat' dir='ltr'><strong>interdictis</strong></span> <span class='ocrx_word' id='word_1_126' title='bbox 1729 2251 1982 2332; x_wconf 69' lang='lat' dir='ltr'><strong>faeere</strong></span> <span class='ocrx_word' id='word_1_127' title='bbox 2021 2259 2440 2334; x_wconf 60' lang='lat' dir='ltr'><strong>mammeam</strong></span> 
     </span>
    </p>

    <p class='ocr_par' dir='ltr' id='par_1_8' title="bbox 503 2341 2452 2941">
     <span class='ocr_line' id='line_1_18' title="bbox 875 2341 2438 2451; baseline 0.001 -23"><span class='ocrx_word' id='word_1_128' title='bbox 875 2387 881 2392; x_wconf 93' lang='lat'>·</span> <span class='ocrx_word' id='word_1_129' title='bbox 1111 2399 1117 2404; x_wconf 91' lang='lat'><em>-</em></span> <span class='ocrx_word' id='word_1_130' title='bbox 2180 2341 2375 2451; x_wconf 61' lang='lat' dir='ltr'><strong>(mae</strong></span> <span class='ocrx_word' id='word_1_131' title='bbox 2405 2369 2438 2430; x_wconf 64' lang='grc' dir='ltr'><strong>ε</strong></span> 
     </span>
     <span class='ocr_line' id='line_1_19' title="bbox 503 2506 2439 2588; baseline 0.002 -17"><span class='ocrx_word' id='word_1_132' title='bbox 503 2506 940 2572; x_wconf 78' lang='lat' dir='ltr'><strong>Interdictum</strong></span> <span class='ocrx_word' id='word_1_133' title='bbox 983 2520 1089 2574; x_wconf 81' lang='lat' dir='ltr'><strong>est</strong></span> <span class='ocrx_word' id='word_1_134' title='bbox 1135 2507 1471 2575; x_wconf 79' lang='lat' dir='ltr'><strong>decretum</strong></span> <span class='ocrx_word' id='word_1_135' title='bbox 1497 2507 1898 2588; x_wconf 70' lang='lat' dir='ltr'><strong>Praetoris3</strong></span> <span class='ocrx_word' id='word_1_136' title='bbox 1947 2513 2152 2576; x_wconf 78' lang='lat' dir='ltr'><strong>certis</strong></span> <span class='ocrx_word' id='word_1_137' title='bbox 2189 2507 2439 2575; x_wconf 80' lang='lat' dir='ltr'><strong>formu·</strong></span> 
     </span>
     <span class='ocr_line' id='line_1_20' title="bbox 506 2615 2438 2711; baseline 0.003 -28"><span class='ocrx_word' id='word_1_138' title='bbox 506 2615 597 2684; x_wconf 80' lang='lat' dir='ltr'><strong>lis</strong></span> <span class='ocrx_word' id='word_1_139' title='bbox 644 2633 1029 2706; x_wconf 83' lang='lat' dir='ltr'><strong>conceptum</strong></span> <span class='ocrx_word' id='word_1_140' title='bbox 1052 2667 1073 2701; x_wconf 91' lang='lat'><strong>,</strong></span> <span class='ocrx_word' id='word_1_141' title='bbox 1134 2645 1264 2709; x_wconf 86' lang='lat' dir='ltr'><strong>quo</strong></span> <span class='ocrx_word' id='word_1_142' title='bbox 1306 2620 1569 2711; x_wconf 83' lang='lat' dir='ltr'><strong>aliquid</strong></span> <span class='ocrx_word' id='word_1_143' title='bbox 1595 2623 1800 2710; x_wconf 68' lang='lat' dir='ltr'><strong>jubet</strong></span> <span class='ocrx_word' id='word_1_144' title='bbox 1841 2621 1954 2688; x_wconf 80' lang='lat' dir='ltr'><strong>vel</strong></span> <span class='ocrx_word' id='word_1_145' title='bbox 1989 2636 2221 2688; x_wconf 76' lang='lat' dir='ltr'><strong>vetat:</strong></span> <span class='ocrx_word' id='word_1_146' title='bbox 2279 2628 2438 2688; x_wconf 86' lang='lat' dir='ltr'><strong>-uni-</strong></span> 
     </span>
     <span class='ocr_line' id='line_1_21' title="bbox 513 2735 2452 2824; baseline 0.003 -27"><span class='ocrx_word' id='word_1_147' title='bbox 513 2755 703 2799; x_wconf 87' lang='lat' dir='ltr'><strong>verse</strong></span> <span class='ocrx_word' id='word_1_148' title='bbox 742 2738 959 2822; x_wconf 87' lang='lat' dir='ltr'><strong>igitur</strong></span> <span class='ocrx_word' id='word_1_149' title='bbox 1001 2736 1115 2803; x_wconf 79' lang='lat' dir='ltr'><strong>hio</strong></span> <span class='ocrx_word' id='word_1_150' title='bbox 1156 2758 1275 2823; x_wconf 91' lang='lat' dir='ltr'><strong>pro</strong></span> <span class='ocrx_word' id='word_1_151' title='bbox 1320 2738 1597 2803; x_wconf 77' lang='lat' dir='ltr'><strong>decreto</strong></span> <span class='ocrx_word' id='word_1_152' title='bbox 1626 2784 1647 2818; x_wconf 92' lang='lat'><strong><em>‚</em></strong></span> <span class='ocrx_word' id='word_1_153' title='bbox 1700 2741 1935 2824; x_wconf 76' lang='lat' dir='ltr'><em>jusso.</em></span> <span class='ocrx_word' id='word_1_154' title='bbox 2024 2735 2452 2803; x_wconf 82' lang='lat' dir='ltr'><strong>Vocabulum·</strong></span> 
     </span>
     <span class='ocr_line' id='line_1_22' title="bbox 516 2838 2450 2941; baseline 0.004 -31"><span class='ocrx_word' id='word_1_155' title='bbox 516 2845 639 2934; x_wconf 78' lang='lat' dir='ltr'><strong>hoo</strong></span> <span class='ocrx_word' id='word_1_156' title='bbox 708 2872 907 2933; x_wconf 89' lang='lat' dir='ltr'><strong>quum</strong></span> <span class='ocrx_word' id='word_1_157' title='bbox 950 2852 1118 2916; x_wconf 89' lang='lat' dir='ltr'><strong>-sine</strong></span> <span class='ocrx_word' id='word_1_158' title='bbox 1172 2838 1388 2921; x_wconf 59' lang='lat' dir='ltr'><strong>⁴dubio</strong></span> <span class='ocrx_word' id='word_1_159' title='bbox 1453 2875 1542 2918; x_wconf 83' lang='lat' dir='ltr'><strong>ex</strong></span> <span class='ocrx_word' id='word_1_160' title='bbox 1579 2841 2060 2941; x_wconf 72' lang='lat' dir='ltr'><strong>Jurisdiotione</strong></span> <span class='ocrx_word' id='word_1_161' title='bbox 2105 2851 2450 2918; x_wconf 71' lang='lat' dir='ltr'><strong>Praetoris</strong></span> 
     </span>
    </p>
   </div>
   <div class='ocr_carea' id='block_1_8' title="bbox 508 2957 2442 3182">
    <p class='ocr_par' dir='ltr' id='par_1_9' title="bbox 508 2957 2442 3182">
     <span class='ocr_line' id='line_1_23' title="bbox 516 2957 2442 3064; baseline 0.003 -37"><span class='ocrx_word' id='word_1_162' title='bbox 516 2962 646 3027; x_wconf 84' lang='lat' dir='ltr'><strong>huo</strong></span> <span class='ocrx_word' id='word_1_163' title='bbox 691 2960 1085 3028; x_wconf 88' lang='lat' dir='ltr'><strong>translatum</strong></span> <span class='ocrx_word' id='word_1_164' title='bbox 1130 2966 1454 3064; x_wconf 34' lang='lat' dir='ltr'><strong>estgvs.</strong></span> <span class='ocrx_word' id='word_1_165' title='bbox 1502 2977 1622 3054; x_wconf 55' lang='lat' dir='ltr'><strong>sq:</strong></span> <span class='ocrx_word' id='word_1_166' title='bbox 1658 2970 1941 3034; x_wconf 86' lang='lat' dir='ltr'><strong>fortasse</strong></span> <span class='ocrx_word' id='word_1_167' title='bbox 1986 2957 2187 3035; x_wconf 79' lang='lat' dir='ltr'><strong>etiam</strong></span> <span class='ocrx_word' id='word_1_168' title='bbox 2228 2973 2442 3052; x_wconf 71' lang='lat' dir='ltr'><strong>impe-</strong></span> 
     </span>
     <span class='ocr_line' id='line_1_24' title="bbox 508 3075 2440 3182; baseline 0.003 -42"><span class='ocrx_word' id='word_1_169' title='bbox 508 3080 608 3141; x_wconf 77' lang='lat' dir='ltr'><strong>rii</strong></span> <span class='ocrx_word' id='word_1_170' title='bbox 670 3078 921 3141; x_wconf 86' lang='lat' dir='ltr'><strong>mentio</strong></span> <span class='ocrx_word' id='word_1_171' title='bbox 990 3075 1116 3159; x_wconf 85' lang='lat' dir='ltr'><strong>fit,</strong></span> <span class='ocrx_word' id='word_1_172' title='bbox 1209 3083 1367 3182; x_wconf 81' lang='lat' dir='ltr'><strong>quia</strong></span> <span class='ocrx_word' id='word_1_173' title='bbox 1408 3081 1682 3148; x_wconf 89' lang='lat' dir='ltr'><strong>Praetor</strong></span> <span class='ocrx_word' id='word_1_174' title='bbox 1742 3103 1862 3170; x_wconf 85' lang='lat' dir='ltr'><strong>pro</strong></span> <span class='ocrx_word' id='word_1_175' title='bbox 1906 3084 2205 3171; x_wconf 73' lang='lat' dir='ltr'><strong>imperio·</strong></span> <span class='ocrx_word' id='word_1_176' title='bbox 2230 3083 2440 3147; x_wconf 86' lang='lat' dir='ltr'><strong>inter-</strong></span> 
     </span>
    </p>
   </div>
   <div class='ocr_carea' id='block_1_9' title="bbox 503 3315 2442 3688">
    <p class='ocr_par' dir='ltr' id='par_1_10' title="bbox 503 3315 2442 3688">
     <span class='ocr_line' id='line_1_25' title="bbox 512 3315 2442 3403; baseline 0.003 -24"><span class='ocrx_word' id='word_1_177' title='bbox 512 3332 739 3398; x_wconf 76' lang='lat' dir='ltr'><strong>usurpari</strong></span> <span class='ocrx_word' id='word_1_178' title='bbox 771 3335 1052 3384; x_wconf 75' lang='lat' dir='ltr'><strong>autumant.</strong></span> <span class='ocrx_word' id='word_1_179' title='bbox 1138 3335 1368 3386; x_wconf 81' lang='lat' dir='ltr'><strong>Fortasse</strong></span> <span class='ocrx_word' id='word_1_180' title='bbox 1401 3335 1507 3388; x_wconf 66' lang='lat' dir='ltr'><strong>siet</strong></span> <span class='ocrx_word' id='word_1_181' title='bbox 1559 3335 1687 3387; x_wconf 75' lang='lat' dir='ltr'><strong>istoc</strong></span> <span class='ocrx_word' id='word_1_182' title='bbox 1720 3315 1968 3403; x_wconf 61' lang='lat' dir='ltr'><strong>arqento,</strong></span> <span class='ocrx_word' id='word_1_183' title='bbox 2023 3337 2096 3387; x_wconf 77' lang='lat' dir='ltr'><strong>od</strong></span> <span class='ocrx_word' id='word_1_184' title='bbox 2125 3350 2314 3387; x_wconf 69' lang='lat' dir='ltr'><strong>nomen</strong></span> <span class='ocrx_word' id='word_1_185' title='bbox 2346 3349 2442 3385; x_wconf 62' lang='lat' dir='ltr'><strong>eat-¹</strong></span> 
     </span>
     <span class='ocr_line' id='line_1_26' title="bbox 503 3427 2436 3500; baseline 0.005 -27"><span class='ocrx_word' id='word_1_186' title='bbox 503 3427 843 3489; x_wconf 70' lang='lat' dir='ltr'><strong>punqomlum</strong></span> <span class='ocrx_word' id='word_1_187' title='bbox 873 3428 1142 3479; x_wconf 70' lang='lat' dir='ltr'><strong>destinato</strong></span> <span class='ocrx_word' id='word_1_188' title='bbox 1159 3464 1173 3490; x_wconf 91' lang='lat'>,</span> <span class='ocrx_word' id='word_1_189' title='bbox 1226 3430 1442 3482; x_wconf 73' lang='lat' dir='ltr'><strong>solutam</strong></span> <span class='ocrx_word' id='word_1_190' title='bbox 1474 3446 1580 3482; x_wconf 83' lang='lat' dir='ltr'><strong>rem</strong></span> <span class='ocrx_word' id='word_1_191' title='bbox 1612 3434 1830 3483; x_wconf 80' lang='lat' dir='ltr'><strong>futuram</strong></span> <span class='ocrx_word' id='word_1_192' title='bbox 1862 3433 2177 3500; x_wconf 74' lang='lat' dir='ltr'><strong>repromitto.</strong></span> <span class='ocrx_word' id='word_1_193' title='bbox 2244 3433 2436 3492; x_wconf 81' lang='lat' dir='ltr'><strong>Nomen</strong></span> 
     </span>
     <span class='ocr_line' id='line_1_27' title="bbox 503 3515 2431 3595; baseline 0.007 -31"><span class='ocrx_word' id='word_1_194' title='bbox 503 3529 597 3579; x_wconf 86' lang='lat' dir='ltr'><strong>pro</strong></span> <span class='ocrx_word' id='word_1_195' title='bbox 658 3524 866 3583; x_wconf 77' lang='lat' dir='ltr'><strong>argento</strong></span> <span class='ocrx_word' id='word_1_196' title='bbox 925 3521 1051 3573; x_wconf 77' lang='lat' dir='ltr'><strong>dicit·</strong></span> <span class='ocrx_word' id='word_1_197' title='bbox 1068 3558 1082 3584; x_wconf 90' lang='lat'>,</span> <span class='ocrx_word' id='word_1_198' title='bbox 1164 3525 1399 3588; x_wconf 86' lang='lat' dir='ltr'><strong>quoniam</strong></span> <span class='ocrx_word' id='word_1_199' title='bbox 1461 3527 1786 3595; x_wconf 78' lang='lat' dir='ltr'><strong>praecedenti</strong></span> <span class='ocrx_word' id='word_1_200' title='bbox 1829 3542 1980 3579; x_wconf 77' lang='lat' dir='ltr'><strong>versu</strong></span> <span class='ocrx_word' id='word_1_201' title='bbox 2024 3515 2285 3592; x_wconf 73' lang='lat' dir='ltr'><strong>argentum</strong></span> <span class='ocrx_word' id='word_1_202' title='bbox 2323 3528 2431 3595; x_wconf 81' lang='lat' dir='ltr'><strong>jam</strong></span> 
     </span>
     <span class='ocr_line' id='line_1_28' title="bbox 507 3608 2426 3688; baseline 0.009 -30"><span class='ocrx_word' id='word_1_203' title='bbox 507 3608 721 3662; x_wconf 79' lang='lat' dir='ltr'><strong>dixerat.</strong></span> <span class='ocrx_word' id='word_1_204' title='bbox 755 3614 824 3663; x_wconf 79' lang='lat' dir='ltr'><strong>of.</strong></span> <span class='ocrx_word' id='word_1_205' title='bbox 859 3614 1075 3670; x_wconf 61' lang='lat' dir='ltr'><strong>phaedr.</strong></span> <span class='ocrx_word' id='word_1_206' title='bbox 1109 3619 1216 3672; x_wconf 80' lang='lat' dir='ltr'><strong>Lib.</strong></span> <span class='ocrx_word' id='word_1_207' title='bbox 1251 3620 1278 3671; x_wconf 92' lang='lat'>1</span> <span class='ocrx_word' id='word_1_208' title='bbox 1312 3621 1413 3673; x_wconf 76' lang='lat' dir='ltr'><strong>fab.</strong></span> <span class='ocrx_word' id='word_1_209' title='bbox 1455 3623 1535 3674; x_wconf 77' lang='lat'><strong>16.</strong></span> <span class='ocrx_word' id='word_1_210' title='bbox 1577 3624 1625 3677; x_wconf 87' lang='lat' dir='ltr'><strong>l.</strong></span> <span class='ocrx_word' id='word_1_211' title='bbox 1647 3644 1662 3673; x_wconf 67' lang='grc' dir='ltr'><em>ε</em></span> <span class='ocrx_word' id='word_1_212' title='bbox 1699 3624 1798 3674; x_wconf 82' lang='lat' dir='ltr'><strong>nisi</strong></span> <span class='ocrx_word' id='word_1_213' title='bbox 1828 3624 1943 3688; x_wconf 77' lang='lat' dir='ltr'><strong>quis</strong></span> <span class='ocrx_word' id='word_1_214' title='bbox 1970 3625 2136 3677; x_wconf 76' lang='lat' dir='ltr'><strong>malit:</strong></span> <span class='ocrx_word' id='word_1_215' title='bbox 2172 3642 2278 3676; x_wconf 83' lang='lat' dir='ltr'><strong>rem</strong></span> <span class='ocrx_word' id='word_1_216' title='bbox 2305 3627 2341 3676; x_wconf 87' lang='lat' dir='ltr'><strong>i.</strong></span> <span class='ocrx_word' id='word_1_217' title='bbox 2376 3642 2426 3675; x_wconf 82' lang='lat' dir='ltr'><strong>e.</strong></span> 
     </span>
    </p>
   </div>
   <div class='ocr_carea' id='block_1_10' title="bbox 501 3705 2516 3877">
    <p class='ocr_par' dir='ltr' id='par_1_11' title="bbox 501 3705 2516 3877">
     <span class='ocr_line' id='line_1_29' title="bbox 507 3705 2516 3787; baseline 0.015 -35"><span class='ocrx_word' id='word_1_218' title='bbox 507 3705 896 3759; x_wconf 68' lang='lat' dir='ltr'><strong>mthionem</strong></span> <span class='ocrx_word' id='word_1_219' title='bbox 944 3709 1079 3761; x_wconf 69' lang='lat' dir='ltr'><strong>inter</strong></span> <span class='ocrx_word' id='word_1_220' title='bbox 1124 3719 1389 3780; x_wconf 73' lang='lat' dir='ltr'><strong>utramque</strong></span> <span class='ocrx_word' id='word_1_221' title='bbox 1437 3722 1629 3781; x_wconf 68' lang='lat' dir='ltr'><strong>putem</strong></span> <span class='ocrx_word' id='word_1_222' title='bbox 1675 3718 1891 3772; x_wconf 66' lang='lat' dir='ltr'><strong>solutam</strong></span> <span class='ocrx_word' id='word_1_223' title='bbox 1938 3720 2045 3776; x_wconf 78' lang='lat' dir='ltr'><strong>sore</strong></span> <span class='ocrx_word' id='word_1_224' title='bbox 2092 3720 2390 3787; x_wconf 68' lang='lat' dir='ltr'><strong>repromitto</strong></span> <span class='ocrx_word' id='word_1_225' title='bbox 2408 3754 2422 3778; x_wconf 85' lang='lat'>‚</span> <span class='ocrx_word' id='word_1_226' title='bbox 2507 3773 2516 3782; x_wconf 91' lang='lat'><strong>.</strong></span> 
     </span>
     <span class='ocr_line' id='line_1_30' title="bbox 501 3798 2114 3877; baseline 0.009 -27"><span class='ocrx_word' id='word_1_227' title='bbox 501 3798 630 3854; x_wconf 64' lang='lat' dir='ltr'><strong>istoc</strong></span> <span class='ocrx_word' id='word_1_228' title='bbox 662 3803 868 3870; x_wconf 78' lang='lat' dir='ltr'><strong>nomine</strong></span> <span class='ocrx_word' id='word_1_229' title='bbox 900 3810 1152 3872; x_wconf 78' lang='lat' dir='ltr'><strong>expuncto</strong></span> <span class='ocrx_word' id='word_1_230' title='bbox 1171 3842 1185 3868; x_wconf 85' lang='lat'>‚</span> <span class='ocrx_word' id='word_1_231' title='bbox 1234 3809 1317 3859; x_wconf 75' lang='lat' dir='ltr'><strong>vel</strong></span> <span class='ocrx_word' id='word_1_232' title='bbox 1348 3814 1558 3877; x_wconf 82' lang='lat' dir='ltr'><strong>accepto</strong></span> <span class='ocrx_word' id='word_1_233' title='bbox 1590 3812 1720 3863; x_wconf 78' lang='lat' dir='ltr'><strong>lato..</strong></span> <span class='ocrx_word' id='word_1_234' title='bbox 1764 3813 1905 3864; x_wconf 82' lang='lat' dir='ltr'><strong>Cure.</strong></span> <span class='ocrx_word' id='word_1_235' title='bbox 1942 3815 1995 3867; x_wconf 81' lang='lat'><strong>3.</strong></span> <span class='ocrx_word' id='word_1_236' title='bbox 2031 3814 2114 3866; x_wconf 75' lang='lat'><strong>40.</strong></span> 
     </span>
    </p>
   </div>
   <div class='ocr_carea' id='block_1_11' title="bbox 2174 3915 2218 3974">
    <p class='ocr_par' dir='ltr' id='par_1_12' title="bbox 2174 3915 2218 3974">
     <span class='ocr_line' id='line_1_31' title="bbox 2174 3915 2218 3974; baseline 0 0"><span class='ocrx_word' id='word_1_237' title='bbox 2174 3915 2218 3974; x_wconf 88' lang='grc'><strong>2</strong></span> 
     </span>
    </p>
   </div>
  </div>
 </body>
</html>
