2842 4767
1233 192 1338 267 66

427 433 519 497 V.
565 439 606 498 ⁷
650 455 754 500 vs.
799 437 891 500 40
977 431 1155 497 liber
1197 438 1373 496 ecto.

423 575 610 642 Haeo
673 575 881 654 verba
904 621 925 654 ,
995 596 1162 664 quae
1210 573 1526 662 leguntur
1564 566 1904 661 praeterea
1947 577 2095 664 huj.
2142 578 2279 643 fab.

352 686 427 768 5,
477 695 556 770 9,
603 693 713 756 87.
761 702 828 755 et
871 690 1046 777 apud
1089 688 1364 755 Terent.
1409 688 1701 778 Adelph.
1755 693 1818 757 5.
1866 696 1930 757 9.
1976 697 2094 771 13,
2134 713 2286 778 pro-

344 804 491 889 prie
554 817 871 890 usurpata
922 804 1236 870 videntur
1265 850 1284 882 ,
1355 804 1614 891 quando
1677 806 2111 870 manumissio
2178 809 2290 869 in-

358 924 472 981 ter
536 923 786 983 amicos
814 964 836 998 ‚
904 919 957 983 i.
1024 942 1085 983 e.
1154 921 1333 984 inter
1378 930 1587 983 testes
1632 916 1881 985 fiebat:
1951 940 2120 1006 quae
2161 939 2291 984 non

364 1053 402 1095 e
458 1035 615 1117 jure
685 1030 930 1110 civili,
1024 1031 1145 1097 sed
1192 1055 1229 1096 e
1263 1036 1420 1117 jure
1466 1032 1763 1118 gentium
1808 1033 2137 1119 originem
2177 1052 2295 1116 pe·

358 1157 554 1224 tens,
652 1141 838 1210 nulla
903 1146 1167 1208 omnino
1227 1147 1412 1230 juris
1478 1143 1765 1210 formula
1823 1147 2146 1214 adstricta
2189 1143 2298 1211 vel

279 1240 285 1249 ’
357 1257 662 1323 stabilita
707 1270 872 1323 erat.
1082 1253 1086 1257 ’

451 1397 548 1464 V.
597 1403 662 1464 9.
710 1420 818 1464 vs.
866 1404 975 1464 88.

449 1539 754 1610 Meliore
800 1549 914 1606 eet
957 1561 1128 1625 opus
1172 1544 1492 1625 auspicio
1520 1587 1541 1621 ‚
1613 1540 1792 1607 liber
1832 1551 2174 1628 perpetuo
2221 1550 2307 1615 ut

2026 1677 2215 1721 rtem.

372 1796 648 1863 Privata
712 1797 1125 1860 dominorum
1178 1766 1532 1863 ¹voluntate
1594 1802 2039 1880 manumissi,
2122 1798 2311 1881 nullo

372 1915 509 1976 ritu
554 1908 827 1997 publico
874 1913 1320 1998 interposito,
1369 1915 1555 1978 servi
1595 1915 1823 2000 potius
1869 1936 2064 2002 quam
2105 1913 2312 1980 liberi

375 2025 650 2092 dicendi
735 2041 926 2094 erant
992 2025 1118 2112 (2).
1231 2024 1405 2091 Nam
1482 2038 1558 2091 ut
1613 2031 1869 2113 ‚iustam
1933 2025 2313 2094 libertatem
2421 2044 2426 2048 ·

374 2155 984 2229 consequerentur,
1030 2163 1195 2227 opus
1242 2155 1386 2207 erat
1427 2139 1705 2207 meliore
1749 2145 2093 2228 auspicio,
2141 2146 2195 2208 i.
2244 2167 2306 2207 e.

373 2259 617 2322 iterata
657 2257 1180 2320 manumissione
1209 2302 1230 2335 ,
1304 2255 1569 2321 solenni
1613 2257 1805 2322 modo
1848 2278 2067 2322 coram
2111 2256 2314 2321 Prae·

377 2383 520 2434 tore
587 2368 1006 2436 celebranda.
1100 2370 1460 2436 Serviendi
1527 2384 1781 2437 tantum
1845 2385 2024 2437 metu
2065 2369 2314 2436 libera-

379 2466 660 2565 bantur,
707 2486 931 2574 inquit
978 2485 1164 2550 Pith.
1211 2485 1294 2549 ad
1338 2484 1519 2552 Mos.
1568 2501 1635 2551 et
1680 2485 1873 2551 Rom.
1917 2487 2086 2572 Leg.
2134 2482 2315 2550 coll.

384 2598 486 2666 Π.
553 2605 595 2666 3
622 2645 642 2678 ,
714 2601 1206 2666 interveniente
1272 2600 1632 2680 Praetore‚
1703 2624 1824 2666 nee
1894 2605 2159 2667 sinente
2205 2624 2320 2667 eos

388 2717 647 2781 servire
673 2761 694 2795 ‚
790 2715 1116 2803 siquando
1183 2720 1703 2781 manumissores
1771 2738 1884 2782 eos
1932 2717 2146 2783 denuo
2205 2740 2325 2804 per

386 2831 524 2895 vim
569 2832 643 2895 in
687 2832 1080 2896 servitutem
1124 2832 1365 2897 ducere
1408 2832 1760 2903 audebant.

476 2945 663 3010 Haec
750 2967 882 3010 non
973 2928 1389 3033 impediunt,
1484 2951 1836 3035 quominus
1902 2971 2061 3015 vera
2136 2951 2277 3013 sint
2303 2992 2325 3026 ‚

394 3083 561 3148 quae
587 3105 608 3139 ‚
654 3061 887 3147 Lipsii
935 3065 1337 3128 sententiam
1363 3060 1779 3149 improbans,
1826 3064 2077 3151 adJ‘eeit
2103 3061 2325 3126 Pisto-

390 3178 490 3239 ris
520 3222 541 3255 ,
588 3178 925 3262 respicere
955 3189 1041 3241 -et
1084 3176 1256 3242 illud
1300 3175 1841 3254 Messenionem‚
1913 3176 2088 3265 quod
2132 3195 2332 3261 supra

393 3309 654 3376 quoque
699 3291 796 3378 (5.
840 3295 908 3358 7.
951 3292 1070 3375 40)
1111 3313 1153 3356 a
1195 3292 1461 3358 domino
1503 3294 1803 3379 putativo
1827 3336 1848 3370 ‚
1896 3287 2335 3356 Menaechmo

460 3575 538 3655 (2)
600 3577 954 3631 Gravissimum
1000 3579 1096 3629 hae
1141 3580 1205 3629 de
1255 3595 1308 3629 re
1362 3578 1711 3650 testimonium
1758 3578 1977 3644 protulit
2026 3577 2242 3643 Peyron.
2282 3576 2335 3626 in

397 3677 568 3740 fragm.
606 3674 714 3724 Cic.
751 3673 890 3727 orat.
926 3694 1019 3743 pro
1051 3677 1270 3736 Milone,
1308 3676 1429 3741 Peg.
1458 3675 1589 3736 256,
1628 3674 1764 3726 laud.
1804 3692 1833 3725 a
1866 3675 1932 3725 el.
1973 3690 2069 3724 van
2103 3674 2263 3724 Assen
2278 3671 2332 3720 in

396 3771 524 3822 Add.
558 3775 612 3821 et
636 3770 775 3821 Gorr.
813 3772 874 3820 in'
901 3771 1089 3824 Adnot.
1129 3775 1190 3823 ad
1224 3775 1338 3839 Gaj.
1372 3772 1508 3824 Inst.
1547 3775 1735 3825 Gomm.
1772 3773 1797 3821 1
1833 3771 1945 3837 §22
1977 3771 2097 3833 Pag.
2122 3767 2219 3816 126
2249 3778 2329 3826 oq·
