2842 4767
1283 282 1388 363 92

366 539 422 602 ti
465 552 664 620 saepe
710 543 898 600 erant
942 549 1181 595 causae
1230 501 1477 593 crediti
1500 573 1521 609 ,
1576 538 1761 593 ortae
1807 550 1900 596 ex
1944 535 2301 597 contracti-

362 648 490 716 bus
517 694 540 730 ‚
629 648 780 713 sine
845 643 1136 712 testibus
1192 643 1390 708 initis
1418 687 1441 721 ‚
1532 640 1665 708 alia
1720 643 1933 711 debiti
1975 644 2304 734 probandi

366 765 625 830 ratione
690 781 820 827 non
885 782 1033 827 raro
1099 754 1460 823 deficiente
1486 802 1507 836 ‚
1576 757 1850 824 Praetor
1916 757 2026 826 vel
2081 761 2305 849 judex

358 852 836 967 jusJurandum
876 874 1337 962 purgatorium
1359 873 1701 938 deferebat
1749 896 1864 940 reo
1892 921 1913 955 ‚
1962 897 2090 962 quo
2110 897 2303 962 prae-

365 994 531 1058 stito
561 1037 583 1071 ‚
673 1013 748 1055 se
809 990 992 1055 omni
1062 988 1289 1055 debito
1355 1001 1779 1056 exoneraret.
1836 975 2037 1055 'Nam
2085 990 2306 1079 Judex

363 1101 727 1172 secundum
774 1124 923 1167 eum
956 1103 1352 1189 judicabat,
1404 1105 1524 1190 qni
1565 1109 1937 1191 J’uraverat.
2029 1105 2108 1170 Si
2155 1108 2305 1191 ipse

363 1235 548 1288 actor
580 1214 1052 1307 jusjurandum
1106 1213 1479 1294 detulerat,
1536 1218 1716 1281 idem
1763 1218 2113 1283 dicendum
2157 1233 2307 1286 est:

364 1353 615 1401 summo
669 1336 830 1419 J'ure
855 1374 877 1410 ,
950 1348 1098 1394 oum
1139 1327 1224 1392 ad
1259 1329 1717 1415 jurisjurandi
1760 1329 2158 1419 religionem
2195 1357 2304 1400 ae-

365 1447 631 1515 eederet
676 1443 1045 1509 deferentis
1093 1461 1483 1507 consensus.
1527 1498 1532 1503 .
1639 1440 1644 1445 ’

450 1615 586 1683 lv.
634 1621 701 1684 3.
746 1635 853 1680 vs.
897 1616 1007 1686 14.
1068 1692 1073 1698 ¹

651 1755 768 1821 An
793 1759 948 1837 Just
991 1771 1195 1820 nanu
1240 1756 1543 1819 emisisti
1587 1752 1940 1820 mulieres·
1969 1758 2004 1820 3

364 1899 443 1967 Si
485 1899 625 1983 ipsi
669 1892 925 1961 Toxilo
969 1915 1211 1975 servo,
1258 1898 1575 1977 amicam,
1619 1919 1817 1985 quam
1861 1897 2021 1965 hero
2043 1900 2305 1966 absenti

358 2034 398 2077 a
438 2010 678 2077 lenone
721 2022 970 2076 emerat
994 2056 1017 2089 ‚
1082 2011 1547 2074 manumittere
1589 2008 1948 2093 licuisset,
2010 2012 2305 2080 Dordalo

357 2126 538 2192 haud
603 2126 985 2191 mandasset
1011 2168 1032 2202 ‚
1124 2145 1247 2189 nec
1312 2144 1618 2211 umquam
1681 2123 1984 2191 lenonem
2044 2132 2312 2214 patroni

358 2246 515 2330 jure
560 2243 634 2305 in
677 2241 1150 2306 manumissam
1193 2239 1331 2302 frui
1373 2258 1617 2324 passus
1666 2252 1871 2305 esset.

448 2414 581 2485 IV.
629 2420 695 2482 3.
732 2424 845 2481 'vs.
893 2419 999 2481 16.

1025 2556 1168 2624 Dic
1213 2556 1387 2622 bona
1412 2555 1622 2636 fide:
1661 2561 1815 2641 jam
1863 2556 2088 2623 libera
2130 2563 2300 2624 ert?

449 2672 660 2739 Dord.
749 2670 803 2738 I
816 2715 839 2749 ‚
863 2678 895 2738 ι·
937 2672 1274 2750 adserunt
1300 2717 1321 2751 ‚
1368 2672 1464 2736 ad
1480 2672 1892 2738 Praetores·
1918 2718 1941 2754 ‚
1965 2678 2300 2761 exquire,

1025 2790 1091 2853 n·
1134 2787 1401 2873 quidem
1446 2785 1612 2851 nihi
1655 2786 1937 2852 credere
1984 2807 2120 2853 non
2155 2794 2300 2854 “vin

365 2922 644 2994 Nemini
728 2928 1197 2993 inconcinnum
1285 2927 1673 3009 videbitur,
1769 2931 1836 2995 si
1920 2950 2158 3005 servus
2222 2931 2307 2996 ad

365 3043 703 3111 Praetoris
767 3045 1150 3108 memoriam
1217 3041 1569 3131 ablegatur
1592 3089 1614 3123 ‚
1705 3048 2022 3132 quoniam,
2083 3044 2198 3111 hio
2239 3048 2303 3110 si

367 3157 452 3224 de
494 3160 666 3226 actis
710 3179 924 3223 sermo
970 3171 1154 3223 esset
1177 3204 1199 3238 ‚
1257 3160 1331 3224 in
1376 3181 1547 3247 quae
1588 3161 2140 3226 manumissorum
2181 3179 2298 3222 no*-

360 3273 547 3338 mina
588 3273 798 3371 relata
843 3272 1075 3338 dicunt
1101 3318 1122 3352 ‚
1166 3288 1301 3340 non
1344 3246 1725 3341 Praetorem
1771 3271 2299 3341 sed'tabularios

366 3389 772 3457 nominasset
794 3386 1156 3456 Dordalus.
1247 3386 1355 3467 De
1397 3392 1571 3456 actis
1615 3392 1775 3456 vide
1815 3392 2014 3478 Lips.
2060 3391 2301 3457 inEx-

302 3584 309 3591 ,
367 3524 547 3570 curs.
611 3504 696 3569 ad
758 3504 923 3573 Tae.
985 3504 1167 3572 Ann.
1213 3503 1374 3570 Lib.
1426 3503 1522 3571 V.
1614 3504 2032 3594 Schweppe,
2103 3504 2299 3572 Ram.

360 3617 691 3705 'Rechtsg.
736 3625 774 3700 ς
798 3626 923 3689 228
969 3643 1032 3688 a.
1122 3621 1213 3688 Et
1255 3619 1433 3708 quod
1456 3620 1540 3686 ‹le
1566 3641 1768 3687 cansa
1792 3644 1912 3687 seu
1938 3618 2138 3688 titulo
2159 3641 2300 3685 ma-

364 3734 844 3813 numissionis,
890 3739 1062 3802 actis
1107 3737 1483 3824 adscripto,
1531 3732 1782 3802 addunt
1823 3738 1981 3802 intt.
2027 3756 2090 3800 a.
2137 3732 2207 3798 h.
2240 3731 2294 3795 1.

363 3861 430 3914 et
495 3848 740 3918 Donat.
784 3846 870 3914 ad
914 3847 1073 3916 Ter.
1113 3847 1411 3937 Adelph.
1462 3854 1527 3918 5.
1576 3856 1641 3917 9.
1684 3834 1753 3916 4'.
1775 3897 1799 3931 ,
1873 3847 2075 3935 hujus
2117 3857 2296 3923 απαξ
