2842 4767
1456 251 1559 324 67

530 505 833 578 surrepto
860 538 881 571 ,
928 489 1213 555 liberum
1258 509 1411 556 esse
1447 495 1688 575 jussus
1717 537 1737 569 ‚
1783 503 2015 577 postea
2057 514 2097 556 a
2139 513 2297 559 vero
2344 494 2457 558 do-

532 608 711 671 mino
755 607 826 670 in
873 607 1264 670 servitutem
1309 616 1636 669 retractus
1686 616 1851 669 erat.

615 776 707 842 V.
756 781 820 841 9.
871 798 975 841 vn.
1023 780 1131 841 92.

1242 915 1501 982 Scitin’
1531 961 1552 994 ,
1603 915 1774 1002 quid
1812 935 1934 1000 eqo
1980 935 2097 978 vos
2143 935 2305 997 roqo
2338 918 2369 978 ?

622 1031 809 1099 Men.
911 1029 1099 1109 Quid
1123 1035 1155 1097 ἲ
1209 1030 1429 1111 Mess.
1475 1029 1666 1096 Mihi
1688 1035 2231 1116 ntpraeconium
2251 1030 2460 1096 detio.

1386 1143 1575 1210 Men.
1642 1143 1954 1209 dabitur.

530 1286 739 1374 Siqua
799 1286 970 1352 fides
1040 1286 1390 1352 tribuenda
1455 1299 1561 1351 est
1627 1285 1866 1352 Plauto
1934 1289 2006 1351 in
2051 1286 2161 1351 his
2210 1285 2409 1351 rebus
2438 1332 2459 1366 ‚

525 1424 656 1468 non
723 1424 948 1469 omnes
1009 1423 1368 1491 praecones
1432 1400 1705 1487 publice
1770 1400 2162 1487 legebantur
2204 1423 2244 1467 a
2288 1399 2463 1467 Con-

531 1518 796 1584 sulibus
820 1563 842 1597 ‚
933 1539 1063 1582 non
1128 1536 1354 1580 omnes
1419 1513 1791 1578 mercedem
1858 1537 1898 1578 a
1960 1517 2462 1600 magistratibus

530 1633 996 1719 accipiebant,
1080 1629 1255 1717 quod
1323 1625 1601 1692 affirmat
1666 1627 1899 1716 Sigon.
1973 1628 2058 1693 de
2122 1642 2260 1707 ant.
2319 1637 2463 1717 J‘ur.

534 1749 670 1812 civ.
718 1745 911 1809 Rom.
958 1743 1058 1808 11.
1109 1745 1214 1809 15.
1302 1742 1451 1807 Hoc
1495 1742 1689 1822 loco,
1758 1755 1827 1808 et
1869 1742 2084 1810 Merc.
2130 1750 2198 1811 3.
2241 1749 2309 1810 4.
2355 1751 2464 1811 78.

532 1880 893 1946 praecones
940 1879 1092 1923 esse
1134 1879 1453 1943 personas
1497 1860 1793 1942 privatas
1825 1903 1846 1936 ,
1906 1879 2182 1945 quarum
2223 1861 2465 1924 minis-

535 1976 707 2038 teria
750 1995 788 2037 a
834 1992 1242 2060 quocumque
1288 1971 1570 2036 conduci
1612 1987 1889 2058 possent
1915 2016 1936 2049 ,
2025 1994 2214 2038 nemo
2260 1972 2462 2039 facile

534 2085 940 2152 infitiabitur
966 2131 986 2163 ‚
1075 2107 1198 2150 nec
1285 2084 1572 2151 absurde
1641 2089 1795 2174 quis
1862 2086 2087 2165 dicat,
2181 2092 2412 2175 opinor
2441 2135 2462 2169 ‚

528 2222 884 2287 praecones
931 2197 1160 2267 Plauti
1203 2197 1440 2266 saltem
1496 2222 1659 2265 aevo
1686 2246 1707 2279 ,
1776 2222 1906 2265 non
1954 2213 2202 2266 tantum
2248 2224 2287 2265 a
2329 2223 2466 2266 ma-

533 2315 933 2402 gistratibus
998 2313 1206 2381 lectos
1234 2359 1255 2393 ‚
1344 2335 1584 2379 munus
1629 2313 1974 2400 publicum
2019 2316 2413 2381 exercuisse
2440 2362 2460 2395 ,

418 2516 421 2521 .
530 2429 650 2495 sed
737 2431 1059 2516 privatim
1131 2451 1386 2517 quoque
1453 2451 1493 2492 a
1556 2427 1864 2515 plurimis
1931 2428 2107 2494 illud
2177 2426 2465 2495 officium

533 2556 916 2630 susceptum
961 2566 1137 2609 esse.

619 2658 724 2724 De
809 2657 1247 2745 praeconibus
1324 2654 1521 2742 plura
1610 2656 1994 2743 suppeditat
2077 2654 2297 2722 Briss.
2382 2657 2464 2723 de

535 2773 756 2837 Form.
823 2774 981 2838 Lib.
1031 2773 1160 2840 vl.
1210 2772 1375 2860 Pag.
1421 2774 1553 2838 485
1598 2794 1747 2859 sqq.
1837 2771 1996 2836 Lib.
2041 2770 2253 2837 VIII.
2300 2770 2464 2859 Pag.

532 2891 661 2954 698
707 2908 858 2974 sqq.
888 2930 909 2964 ‚
978 2890 1096 2974 qui
1142 2886 1464 2952 formulas
1508 2886 1637 2952 huc
1679 2887 2091 2972 pertinentes
2137 2883 2417 2973 collegit
2443 2932 2465 2966 ‚

536 3014 603 3067 et
646 3001 1149 3067 accuratissime
1191 3000 1359 3067 hanc
1403 3022 1543 3067 rem
1579 3012 1974 3087 persecutus
2021 3014 2147 3065 est.
2235 2999 2465 3065 Addas

532 3136 719 3181 cons.
790 3112 935 3180 Rau
963 3159 985 3194 ‚
1051 3115 1123 3180 in
1188 3114 1367 3203 disp.
1438 3115 1523 3180 ad
1588 3112 1734 3183 Cic.
1805 3113 1995 3181 Orat.
2060 3136 2180 3203 pro
2227 3112 2460 3192 Quint.

533 3230 698 3319 Pag.
742 3235 826 3298 67
873 3251 1024 3319 sqq.
