2842 4767
1278 198 1389 277 84-

378 478 484 540 ris
525 475 880 557 eapientem
904 505 938 548 φ
987 424 1131 555 'qua
1174 467 1260 532 de
1304 465 1706 553 quibusdam
1751 469 1951 534 rebus
1998 471 2317 559 agebatur

381 586 683 655 moribus»
772 584 883 651 vel
952 584 1125 667 leye.
1240 580 1629 647 Introduota
1697 595 1804 648 est
1865 586 2162 652 moribus
2227 588 2334 652 rei

377 702 747 769 militarist
832 718 980 764 nam
1066 706 1338 783 propter
1402 697 1813 781 stipendium
1876 697 2124 767 lieebat
2157 692 2162 699 ’
2193 705 2322 769 mi-

357 815 499 883 'liti
541 814 623 881 ab
670 836 749 880 eo
781 859 802 893 ‚
873 814 994 900 qui
1041 808 1490 874 distribuebat
1520 855 1541 889 ,
1609 814 1752 877 nisi
1798 814 1983 880 daret
2011 861 2032 895 ‚
2078 818 2328 904 pignus

385 950 667 1018 capel-03
766 926 1112 992 dicebatur
1178 936 1395 988 antem
1461 945 1540 988 ea
1582 929 1867 1011 pecunia
1891 975 1912 1009 ‚
1988 953 2155 1018 quae
2201 936 2327 997 sti·-

379 1045 617 1133 pendii
682 1044 947 1108 nomine
992 1037 1271 1105 dabatur
1299 1085 1320 1118 ‚
1389 1059 1507 1103 aes
1553 1043 1895 1113 militare.
1961 1034 2143 1133 Gai.
2191 1046 2323 1113 lv.

384 1167 424 1244 ς
467 1166 553 1228 26
597 1181 701 1247 sq.
791 1155 983 1223 Adde
1054 1153 1328 1220 Catonis
1374 1153 1580 1218 verba
1648 1158 1824 1241 apud
1870 1157 2053 1224 Gell.
2100 1157 2191 1224 N.
2236 1161 2327 1226 A.

389 1271 567 1339 VII.
613 1277 721 1338 10.
810 1271 1151 1353 Piynon's
1194 1270 1395 1351 capio
1443 1265 1521 1330 ob
1565 1287 1682 1332 aes
1727 1271 2088 1351 militane,
2156 1273 2339 1358 quod

392 1407 509 1451 aes
572 1407 624 1473 ¹a
695 1383 980 1450 tribuno
1049 1384 1329 1447 aerario
1395 1382 1593 1446 miles
1635 1387 1955 1467 accipere
2001 1383 2333 1465 debebat,

388 1513 557 1581 etc„
607 1515 675 1566 et
719 1521 885 1589 quos
929 1497 1155 1563 laudat
1202 1494 1477 1562 Ruhnk.
1522 1496 1608 1562 ad
1654 1497 1840 1562 Suet.
1889 1498 2086 1565 Caes.
2125 1522 2187 1564 c.
2226 1505 2344 1566 41.

468 1610 641 1682 ¹Non
684 1614 967 1680 obscure
1009 1611 1186 1676 huno
1229 1630 1479 1673 morem
1548 1578 1804 1697 affectat
1848 1611 2126 1678 Plautus
2173 1611 2242 1698 h.
2287 1612 2340 1677 l.

394 1730 607 1798 Miles
653 1729 898 1794 minam
942 1726 1171 1791 lenoni
1217 1723 1489 1788 dederat
1528 1747 1652 1809 pro
1694 1727 2021 1812 prandi03
2091 1727 2346 1793 abierat

395 1860 614 1912 tamen
682 1842 887 1922 leno,
958 1862 1081 1906 nec
1148 1841 1362 1904 amica
1427 1838 1715 1905 redibat.
1827 1841 2099 1919 Iratu8‚
2171 1843 2345 1930 quod

397 1962 499 2024 sic
566 1955 943 2022 deridiculo
1008 1955 1338 2036 habetur,
1428 1951 1691 2041 aliquid
1760 1977 1796 2019 e
1841 1953 2103 2021 lenonis
2151 1956 2339 2022 domo

390 2075 663 2152 aufert,
737 2073 1013 2140 dicens:
1081 2091 1198 2156 pro
1267 2070 1524 2132 minore
1595 2080 1837 2152 parte,
1911 2093 2107 2157 quam
2151 2094 2338 2137 acce-

392 2190 653 2275 pissem
696 2185 1014 2272 prandii,
1088 2178 1262 2267 quod
1325 2181 1499 2281 mihi
1562 2180 1845 2247 debebat
1909 2183 2110 2263 leno,
2182 2169 2346 2249 tam-

395 2320 591 2387 quam
649 2321 689 2361 a
733 2284 1304 2360 tribunu'aerario
1344 2295 1593 2381 pignus
1640 2299 1832 2382 cepi:
1906 2300 2008 2363 sie
2043 2288 2341 2364 dedero:

395 2409 923 2497 (exsultantium
951 2456 971 2490 ‚
1048 2406 1599 2499 triumphantium
1665 2423 1732 2475 et
1797 2410 2160 2475 vindictam
2229 2433 2343 2475 su-

395 2527 722 2593 mentium
770 2525 903 2611 est)
972 2548 1123 2591 aere
1166 2506 1459 2590 militari
1525 2525 2037 2590 circumduxere
2103 2523 2342 2590 lenun-

395 2639 663 2707 culum:
732 2639 908 2726 quod
973 2641 1201 2726 itaque
1276 2660 1404 2704 non
1454 2639 1535 2703 de
1582 2637 1806 2726 gladio
1837 2685 1857 2719 ‚
1929 2639 2050 2704 sed
2095 2639 2176 2704 de
2223 2642 2351 2704 sti-

395 2755 642 2843 pendio
706 2752 1224 2841 intelligendum
1290 2765 1438 2818 est-
1511 2753 1826 2840 Pignoris
1883 2775 2120 2840 nempe
2160 2774 2345 2820 men-

400 2868 581 2934 tione
647 2868 870 2946 facta‚
948 2865 1128 2931 nihil
1196 2850 1708 2933 convenientius
1733 2913 1754 2947 ,
1826 2886 2023 2956 quam
2094 2882 2167 2934 ut
2234 2889 2346 2934 aes

399 2982 694 3049 militare
741 3004 1003 3070 quoque
1050 2981 1249 3047 miles
1296 2995 1639 3049 memoret.

488 3095 597 3164 De
664 3096 893 3163 eodem
960 3119 1115 3163 aere
1173 3118 1393 3163 sermo
1428 3111 1542 3165 est
1585 3095 1751 3164 Aul.
1800 3102 1864 3163 3.
1914 3099 1978 3162 5.
2028 3100 2158 3176 52,
2233 3096 2347 3173 ubi

410 3211 815 3299 Megadorus
903 3208 1107 3298 fingit
1129 3255 1150 3293 ‚
1240 3213 1329 3277 ad
1409 3235 1487 3279 se
1556 3212 1895 3278 tribunum
1970 3212 2295 3276 aerarium
2320 3256 2341 3288 ‚

407 3328 740 3393 sumtibus
788 3326 1053 3391 uxoriis
1120 3325 1388 3392 fortuna
1431 3326 1690 3415 lapsum
1718 3371 1740 3407 ,
1824 3324 2113 3393 militem
2154 3326 2345 3392 veni-

405 3462 480 3504 re
505 3484 527 3517 ,
577 3442 695 3527 qui
739 3432 854 3508 aes
897 3439 1196 3506 militare
1241 3442 1497 3506 frustra
1536 3453 1747 3529 petat.

496 3638 590 3705 V.
641 3641 704 3703 5.
753 3660 857 3704 vs.
908 3644 1015 3707 57.
1105 3639 1547 3728 Iustu-iarum
1594 3641 1841 3708 multa.
1931 3646 1936 3651 '

492 3781 726 3852 Utrum
775 3762 947 3846 nune
981 3787 1125 3865 jam
1171 3787 1388 3853 edicto
1436 3785 1774 3853 Praetoris
1821 3786 2113 3873 injuriae
2134 3782 2339 3848 aesti-
