2842 4767
1416 254 1525 330 69

505 496 779 563 Terent.
827 494 997 558 Eun.
1044 496 1109 558 5.
1157 498 1222 557 9.
1269 497 1350 558 27
1396 494 1725 560 afferunt:
1790 505 2035 559 donum
2069 493 2234 559 scil.
2282 517 2432 560 esse

502 612 776 677 deorum
801 656 822 689 ,
910 628 1151 674 munuc
1195 606 1575 673 hominum:
1668 611 1780 674 cui
1825 609 2248 674 distinctioni
2291 611 2440 695 ipsa

504 725 861 811 inscriptio
924 721 1101 811 legis
1168 721 1447 789 Cinciae
1516 724 1596 787 de
1641 725 1844 789 donis
1885 733 1960 788 et
1999 722 2390 788 muneribus
2415 768 2436 802 ‚

505 820 575 905 et
642 837 780 904 alia
845 860 1038 926 quam
1089 836 1376 925 plurima
1420 858 1676 902 omnem
1720 839 2177 903 auctoritatem
2223 834 2440 900 detra-

505 952 698 1019 hunt.
789 950 1016 1038 Magis
1060 952 1371 1016 idoneum
1412 952 1725 1030 yidetur,
1777 951 1951 1040 quod
1996 949 2150 1016 Icti
2177 996 2198 1029 ,
2245 951 2439 1015 citati

508 1068 588 1132 ab
655 1050 869 1132 Hein.
934 1066 1099 1133 Ant.
1150 1067 1345 1151 Synt.
1391 1067 1492 1132 ΙΙ.
1540 1073 1606 1133 7.
1652 1073 1725 1131 2»
1768 1066 2244 1152 suppeditant,
2315 1063 2440 1129 hoc

508 1183 651 1257 fere
698 1193 1114 1247 statuentes:
1183 1180 1430 1245 donum
1474 1202 1625 1246 esse
1670 1201 1879 1267 genus
1908 1226 1929 1260 ‚
1998 1200 2243 1244 munus
2287 1202 2440 1266 spe-

503 1298 718 1363 ciem:
812 1294 991 1360 dona
1037 1317 1189 1360 esse
1215 1340 1237 1375 ‚
1328 1317 1497 1383 quae
1540 1293 1728 1359 nulla
1769 1296 2172 1360 necessitate
2207 1297 2390 1381 juris
2419 1338 2441 1372 ‚
2523 1378 2530 1382 -

503 1409 792 1476 officiive
822 1456 842 1489 ,
907 1410 1027 1475 sed
1071 1422 1307 1496 sponte
1350 1407 1519 1473 fiant
1547 1454 1567 1486 ‚
1619 1431 1789 1494 quae
1837 1412 1902 1472 si
1943 1431 2085 1499 non.
2117 1409 2443 1496 largiatur

505 1526 658 1612 quis
688 1568 710 1604 ‚
800 1521 986 1587 nulla
1053 1520 1488 1607 reprehensio
1556 1522 1651 1584 sit
1677 1565 1698 1598 ,
1787 1521 1851 1584 si
1892 1542 2050 1603 vero
2092 1537 2389 1607 praestet
2414 1570 2435 1604 ‚

501 1638 896 1724 plerumque
938 1633 1088 1697 laus
1134 1633 1348 1698 insit=
1439 1652 1683 1698 munuc
1727 1648 1956 1700 contra
2001 1657 2152 1701 esse
2197 1636 2439 1701 donum

506 1770 654 1815 cum
697 1769 908 1812 cauea
936 1794 957 1827 ,
1004 1770 1072 1812 v.
1120 1770 1182 1812 c.
1230 1745 1655 1827 natalitium,
1708 1746 2168 1834 nuptialitium
2196 1795 2216 1827 ‚
2267 1764 2439 1814 stre-

501 1884 669 1929 nae:
757 1860 870 1927 vel
936 1860 1110 1949 quod
1175 1859 1381 1926 officii
1448 1882 1646 1926 causa
1709 1865 2014 1927 mittatur
2055 1868 2353 1950 patronis
2400 1889 2440 1930 a

506 1976 914 2054 clientibus,
988 1975 1287 2041 'dominis
1357 1998 1397 2039 a
1464 1978 1728 2041 servis:
1799 1975 1999 2062 Epid.
2068 1982 2131 2042 5.
2197 1984 2260 2044 1.
2331 1985 2438 2047 33.

507 2090 754 2156 Pseud.
823 2095 888 2155 3.
955 2095 1020 2156 1.
1089 2092 1196 2155 15.
1225 2136 1246 2170 ‚
1317 2090 1495 2155 inter
1541 2112 1707 2177 quae
1752 2090 2129 2156 referantur
2169 2112 2439 2159 munera

504 2204 848 2272 aedilicia.
941 2204 1078 2269 Sed
1138 2225 1222 2269 ne
1278 2203 1444 2270 haec
1489 2205 1755 2292 quidem
1799 2205 2149 2272 distinctio
2193 2207 2441 2294 ubique

504 2319 730 2386 valere
776 2318 1229 2385 existimanda
1272 2331 1399 2384 est.

594 2491 729 2558 IV.
775 2496 841 2557 1.
887 2514 992 2558 vs.
1040 2495 1148 2558 15.

608 2633 796 2710 Quid
820 2634 852 2696 ?
921 2634 1075 2698 ean'
1122 2637 1424 2719 inyemaa
1469 2654 1559 2699 an
1586 2632 1877 2713 festuca
1903 2633 2117 2714 facta
2161 2657 2197 2700 e
2240 2657 2442 2704 serva

1921 2748 2146 2815 libera
2188 2759 2298 2815 est
2320 2754 2355 2815 ἓ

510 2891 602 2954 cf.
649 2887 850 2955 Curc.
897 2895 962 2956 1.
1010 2895 1077 2956 3.
1123 2894 1232 2961 56.
1319 2889 1518 2956 Istoc
1564 2889 1767 2955 verbo
1813 2891 2189 2958 vindictam
2220 2914 2433 2979 para.

509 3002 751 3068 Variis
817 3001 1035 3066 modis
1094 3004 1466 3091 antiquitus
1512 3005 1949 3071 manumissio
1993 3005 2149 3072 fieri
2189 3010 2434 3094 potuit.

509 3116 840 3184 Vindicta
900 3138 1059 3182 vero
1121 3115 1234 3183 vel
1288 3120 1554 3184 festuca
1598 3118 2056 3186 celebrabatur
2096 3123 2302 3205 modo
2334 3145 2441 3189 so-

508 3229 698 3297 lenni
743 3233 816 3295 in
852 3235 1053 3318 jure,
1114 3233 1166 3297 i.
1214 3255 1275 3297 e.
1324 3255 1541 3299 coram
1583 3232 2014 3322 Magistratu.
2108 3233 2444 3312 Quomodo

513 3357 726 3410 tamen
789 3347 923 3411 rite
987 3346 1167 3411 facta
1231 3349 1328 3412 sit
1352 3393 1373 3426 ,
1444 3370 1643 3436 quum
1689 3347 2010 3415 formulae
2053 3349 2183 3415 huc
2226 3355 2441 3437 perti·-

515 3470 749 3523 nentes
778 3500 785 3507 ·
817 3471 886 3524 et
952 3458 1257 3526 solennia
1319 3460 1478 3527 hinc
1533 3460 1728 3529 illinc
1774 3461 2055 3528 collecta
2079 3510 2103 3546 ,
2150 3465 2231 3530 ab
2264 3464 2439 3532 aliis

515 3567 651 3635 alio
693 3571 884 3637 modo
928 3572 1370 3642 conciliantur
1413 3590 1482 3642 et
1527 3576 1968 3661 disponuntur
1988 3623 2009 3657 ‚
2075 3593 2254 3645 certo
2301 3580 2441 3644 dici

515 3686 775 3773 nequit.
892 3685 1104 3753 Multi
1167 3689 1290 3754 hac
1376 3692 1451 3755 in
1513 3712 1588 3755 re
1653 3702 1808 3756 sunt
1884 3691 2290 3780 Interpretes
2356 3694 2440 3757 ad

516 3798 671 3886 Gaj.
743 3797 943 3866 Goth.
992 3800 1052 3867 Ι.
1100 3809 1164 3868 l.
1211 3809 1275 3868 l.
1347 3806 1418 3869 in
1460 3802 1611 3869 Jur.
1658 3804 1889 3893 Antej.
1939 3805 2200 3873 Schult.
2268 3805 2431 3892 Peg.
2545 3894 2557 3910 ⁸
