2842 4767
1472 281 1570 354 77

539 524 723 587 viros
769 542 854 587 ex
896 519 1184 587 consilio
1215 523 1769 607 propinquos-mu⁴
1826 523 1898 585 iu
1941 504 2469 591 adulter-aseni-

539 635 981 701 madvertisse
1007 683 1028 716 ,
1102 635 1305 701 tradit
1360 633 1568 700 Dion.
1612 632 1839 700 Halie.
1930 634 2168 724 Antiq.
2216 637 2317 702 11.
2361 641 2474 705 25.

543 746 696 814 Non
738 752 836 815 ita
880 750 999 814 diu
1039 763 1194 835 post
1238 751 1533 815 virorum
1578 748 2091 816 deserendorum
2135 748 2479 819 licentiam

543 865 762 930 fuisse
826 867 1160 951 impunem
1225 862 1626 953 mulieribus
1654 910 1676 944 ,
1766 867 1965 930 testis
2030 877 2136 930 est
2178 863 2480 932 luculen-

542 990 653 1044 tus
701 976 848 1044 cio.
895 979 1066 1065 Top.
1113 1001 1176 1044 e.
1220 983 1310 1045 4.·

1161 1203 1363 1213 0——

1036 1368 1957 1438 PSEUDOLUS.

622 1726 684 1790 1.
733 1729 797 1789 1.
844 1744 948 1788 vs.
997 1727 1123 1787 112
1167 1742 1316 1810 sqq.

627 1864 877 1931 Servus
904 1926 907 1929 .
938 1860 1172 1952 jo'eose
1195 1908 1219 1943 ‚
1303 1875 1378 1929 ut
1437 1865 1794 1949 promissio
1846 1868 2167 1952 pecuniae
2211 1864 2468 1932 firmior
2571 1932 2578 1947 ,

536 1993 720 2046 esset
744 2025 766 2059 ‚
813 1980 1045 2045 herum
1086 1981 1407 2044 minorem
1453 1978 1712 2065 subigit
1757 1978 2073 2066 stipulari
2101 2025 2148 2060 ,0
2170 1983 2286 2069 qui
2308 1979 2461 2047 nul-

528 2093 672 2161 lum
716 2095 872 2161 inde
922 2093 1063 2160 sibi
1103 2095 1394 2161 fructum
1434 2092 1798 2180 providens
1824 2139 1845 2173 ‚
1938 2095 2196 2159 invitus
2240 2095 2461 2159 facere

527 2209 822 2275 videtur.
2079 2210 2088 2217 ’

611 2379 672 2446 1.
717 2385 781 2448 3.
829 2403 935 2448 vs.
981 2385 1092 2448 69.

974 2521 1139 2588 Non
1187 2524 1311 2590 lex
1351 2544 1452 2589 me
1484 2526 1737 2609 perdit
1781 2529 1994 2611 quina
2042 2526 2398 2589 vicenas-ia
2425 2525 2457 2587 ?

694 2636 1041 2704 Metuant
1077 2638 1360 2705 credere
1407 2659 1653 2704 omnes.

526 2782 620 2846 ef.
669 2779 844 2847 Rud.
895 2786 958 2847 5.
1005 2787 1071 2848 3.
1116 2787 1226 2851 24.

610 2894 764 2961 Duo
809 2908 966 2960 sunt
1006 2917 1242 2962 versus
1272 2943 1293 2977 ‚
1369 2896 1614 2985 quibus
1658 2894 1833 2961 nulli
1878 2893 2084 2961 facile
2126 2896 2200 2959 in
2242 2893 2455 2958 omni·

519 3010 644 3078 bus
687 3008 918 3077 Plauti
961 3008 1212 3077 fabulis
1250 3013 1434 3098 juris
1479 3011 1816 3077 doetrinae
1861 3011 2200 3097 graviores
2247 3019 2404 3073 sunt
2428 3051 2450 3086 ‚

521 3139 589 3191 et
653 3148 694 3191 a
759 3124 949 3193 ICtis
1037 3127 1252 3213 magis
1342 3125 1707 3203 celebrati3
1799 3127 2105 3212 quoniam
2171 3124 2456 3188 certiora

524 3242 843 3326 quaedam
888 3218 1256 3308 docueruut
1299 3241 1381 3307 de
1424 3242 1578 3330 lege
1602 3239 1941 3311 Plaetoria
1963 3286 1986 3321 ,
2033 3239 2115 3304 de
2159 3243 2449 3303 circum·

520 3360 908 3439 scriptione
947 3358 1516 3425 adolescentium.

600 3467 867 3535 Mortuo
908 3487 1095 3558 patre
1117 3517 1138 3553 ,
1187 3488 1255 3539 et
1303 3474 1496 3538 annis
1525 3472 1900 3559 pubertatis
1925 3470 2109 3557 (qui,
2153 3467 2444 3534 diversis

514 3581 678 3649 lieet
722 3587 1125 3671 temporibus
1170 3588 1343 3674 apud
1391 3588 1719 3655 Romanos
1766 3582 2065 3663 diversi,
2110 3603 2441 3672 nunquam

509 3710 730 3765 tamen
794 3697 973 3765 ultra
1016 3700 1637 3790 duotievigesimum
1680 3721 1919 3779 anuum
1959 3698 2204 3787 prolati
2250 3695 2435 3780 sunt)

510 3812 897 3902 eompletis,
944 3814 1402 3886 adolescentes
1448 3819 1632 3885 cives
1658 3816 1938 3887 Romani
1961 3828 2184 3894 eraut,
2232 3824 2298 3877 et
2319 3810 2431 3876 sui
