2842 4767
1305 168 1413 244 56

395 428 566 496 test,
615 412 737 480 sed
781 408 1158 480 exsultanti
1200 409 1421 474 animo
1463 406 1714 473 multas
1759 411 2050 497 ineptias
2078 413 2327 482 effutita

392 530 634 610 Hanno
678 529 925 592 iterum
968 527 1043 589 in
1076 529 1198 611 Jus
1241 534 1437 588 vocat
1460 566 1481 600 ,
1527 535 1732 609 atque
1771 538 1992 590 monet
2016 570 2037 604 ,
2102 549 2187 593 ne
2235 530 2333 593 ire

391 655 770 712 morentur:
834 640 919 704 ad
972 638 1150 726 quod
1190 635 1633 706 Anterastilis
1661 680 1683 716 ,
1755 659 1884 704 non
1930 642 2153 705 minus
2198 662 2336 708 mo-

392 780 508 832 rae
552 755 908 842 impatiens
936 798 957 832 ,
1028 754 1275 840 quippe
1321 750 1747 839 haruspicum
1790 756 2131 840 responsis
2156 798 2180 832 ,
2226 778 2331 821 vs.

399 875 483 946 35
527 894 708 959 sqq„
757 882 826 935 et
867 868 1217 938 Hannonis
1260 868 1615 955 promissis
1645 866 1900 949 fidens,
1946 860 2334 956 respondet:

397 990 565 1073 qum
608 986 1004 1048 antestetis
1045 1002 1193 1062 nne,
1239 991 1316 1046 et
1358 981 1619 1048 abduce
1663 986 1999 1050 celeriter
2029 1032 2051 1066 ,
2107 990 2174 1052 si
2219 999 2337 1050 voe

394 1104 591 1187 ecqui
634 1099 981 1163 nolumus.
1091 1093 1580 1181 Adelphasium
1625 1100 1805 1161 enim
1851 1119 2038 1165 soror
2063 1139 2084 1175 ,
2154 1098 2338 1183 Ago-

396 1212 709 1282 rastoclis
777 1215 989 1280 amica
1013 1253 1036 1290 ,
1126 1209 1376 1277 fiducia
1442 1206 1567 1274 illa
1630 1232 1761 1280 non
1827 1210 2003 1275 elata
2028 1255 2051 1290 ‚
2116 1227 2337 1276 morae

401 1349 605 1395 eausa
648 1340 833 1406 erat,
898 1339 966 1393 et
1008 1347 1209 1414 quum
1253 1324 1492 1390 Hanno
1534 1324 1912 1392 minabatur
1940 1370 1961 1405 ‚
2032 1348 2110 1392 se
2153 1327 2338 1414 ipsas

397 1441 964 1532 apprehensurum
1028 1453 1097 1506 et
1162 1439 1634 1528 abrepturum3
1718 1442 1795 1505 ni
1858 1421 2297 1527 sequerentur
2322 1486 2343 1520 ,

394 1559 537 1626 ait:
606 1558 779 1646 quid
818 1560 895 1621 in
921 1560 1054 1641 jus
1097 1575 1301 1620 vocae
1347 1576 1541 1634 non·
1572 1569 1706 1621 etc.
1790 1552 2165 1622 Notandum
2210 1557 2347 1642 igi-

400 1685 509 1738 tur
533 1715 556 1753 ‚
604 1693 735 1737 non
781 1682 1035 1734 tantum
1080 1670 1294 1754 ipsam
1336 1669 1413 1736 in
1452 1672 1571 1754 jus
1617 1681 1915 1734 vocatam
1960 1667 2297 1756 postulare
2319 1711 2343 1747 ,

397 1798 473 1851 ut
517 1786 716 1850 testis
761 1784 893 1862 sit,
941 1782 1061 1852 sed
1106 1804 1257 1847 esse
1304 1779 1696 1862 mulierem,
1747 1785 1839 1849 cf.
1887 1783 2071 1849 Gell.
2117 1782 2343 1854 N.,A.

400 1896 532 1963 Vl.
579 1902 648 1963 7.
695 1910 763 1964 et
807 1896 1081 1976 eandem
1126 1892 1547 1964 ancillulam:
1597 1897 1854 1960 ironice
1897 1897 2113 1984 igitur
2137 1909 2204 1960 et
2229 1895 2337 1960 hi-

398 2012 530 2079 lari
574 2010 768 2078 vultu
810 2010 978 2078 hanc
1003 2011 1915 2092 antestationemnominasse
1940 2014 2339 2094 existiman,-

400 2128 484 2193 da
527 2141 656 2194 est.
750 2123 1025 2192 Puellas
1072 2121 1194 2188 has
1221 2170 1243 2204 ,
1293 2146 1686 2213 quamquam
1730 2109 2011 2190 ancillas
2042 2171 2066 2205 ,
2114 2129 2187 2191 in
2220 2131 2339 2212 jus

397 2244 637 2318 vocari,
669 2227 795 2306 hoc
839 2237 988 2304 loco
1014 2284 1037 2317 ‚
1097 2243 1432 2336 neminem
1476 2240 1813 2320 offendere
1855 2252 2077 2325 potest
2105 2285 2126 2319 ,
2177 2261 2338 2326 qno-

401 2357 580 2422 niam
648 2358 722 2420 in
765 2353 1105 2421 libertatis
1152 2356 1609 2422 vindicatione
1636 2402 1656 2435 ,
1728 2377 1893 2443 quae
1935 2356 2343 2441 agnitionem

397 2491 560 2537 mox
605 2483 1000 2560 sequeretur
1026 2516 1049 2551 ‚
1115 2469 1387 2538 illarum
1429 2472 1809 2558 praesentia
1851 2470 2338 2558 requirebatur.

483 2586 599 2653 Ex
683 2586 990 2652 omnibus
1023 2632 1044 2666 ,
1163 2609 1332 2675 quae
1419 2586 1500 2652 de
1591 2591 2068 2656 ante-statione
2165 2586 2349 2664 dicta

401 2714 611 2781 sunt,
718 2703 887 2766 satis
977 2714 1297 2787 apparet,
1389 2700 1588 2766 cr'edo
1614 2743 1637 2780 ,
1728 2715 1908 2767 recte
1993 2701 2347 2789 J’udicasse

401 2814 786 2903 Schulting.
862 2818 934 2880 in
998 2814 1294 2903 Jurispr.
1359 2817 1596 2903 Antej.
1660 2815 1828 2904 Pag.
1875 2819 1955 2884 58
1987 2861 2008 2897 ,
2078 2819 2351 2885 verbum

395 2935 755 2999 antestari
801 2933 874 2997 in
919 2929 1158 2998 Plauto
1203 2931 1382 3008 nihil
1428 2931 1619 2998 aliud
1664 2907 2104 3020 significare,
2154 2954 2347 3021 quam

405 3055 646 3114 teetem
692 3043 948 3123 facere
976 3090 997 3121 ,
1080 3045 1282 3112 Cure.
1328 3051 1396 3115 ¹1.
1443 3051 1514 3112 4.
1560 3052 1625 3126 9.
1656 3094 1677 3127 ,
1752 3056 1995 3114 testem
2042 3050 2344 3126 testari,

399 3161 576 3227 Rud.
626 3164 802 3244 5‚‚2.
854 3163 958 3224 51.
1049 3159 1249 3225 Haud
1318 3161 1507 3238 scio,
1578 3183 1660 3232 an
1726 3160 1931 3229 aliam
1998 3162 2111 3230 illi
2154 3184 2342 3250 prae-

397 3289 586 3340 terea
630 3274 1197 3364 significationem
1241 3273 1555 3362 affingere
1577 3274 1828 3354 ‚liceat-

384 3437 389 3446 ’
482 3441 580 3507 V.
627 3448 692 3509 2.
738 3469 847 3513 vs.
892 3451 1002 3514 68.

492 3583 571 3653 Si
615 3591 974 3673 quisquam
1018 3590 1192 3656 hanc
1240 3553 1526 3655 liberali
1570 3595 1991 3657 asseruisset
2034 3615 2261 3659 manu.

489 3731 593 3797 De
657 3729 968 3795 libertate
1036 3736 1203 3799 duae
1249 3748 1434 3799 erant
1478 3703 1804 3818 proditae
1824 3705 2167 3806 actiones:
2234 3745 2346 3810 aut

2815 2577 2831 2616 f
