2842 4767
1226 196 1338 271 50

360 485 369 498 .
431 439 580 505 Hoc
624 436 770 502 loco
815 433 1092 501 Plautus
1136 447 1635 523 recuperatores
1683 437 1796 504 dat
1840 441 2016 507 inter
2058 439 2270 506 Athe-

349 556 699 632 niensem,
789 552 909 637 qui
987 549 1284 616 debitum
1346 563 1657 617 exactum
1727 565 1997 619 venerat
2060 552 2283 641 Ephe-

348 688 494 732 sum
524 712 545 745 ‚
618 678 689 731 et
731 664 1064 753 hospitem
1107 685 1300 729 suum
1325 709 1347 745 ,
1407 666 1525 754 qui
1571 687 1646 731 se
1688 666 1931 733 debere
1973 667 2285 754 negabat.

347 780 529 847 Rud.
579 783 643 846 5.
693 784 757 845 1.
803 786 870 845 2.
938 792 1460 867 recuperatores.
1485 794 1925 848 memorentur
1969 785 2043 847 in
2088 802 2322 847 causa.

342 892 620 961 liberali
646 941 669 975 ‚
733 897 807 959 in
854 895 1166 985 qualibus
1204 896 1716 983 judicassemus
1761 911 1988 963 notum
2032 911 2137 964 est
2177 897 2289 963 vel

346 1029 438 1074 ex
482 1007 632 1074 Cic.
680 1005 845 1072 Div.
890 1012 965 1074 in
1012 1009 1211 1077 Caec-
1260 1033 1321 1074 c.
1370 1016 1487 1079 1⁷:
1537 1013 1631 1077 cf.
1675 1010 1940 1078 Manut.
1986 1011 2071 1077 ad
2094 1010 2286 1077 Orat.

344 1142 467 1209 pro
507 1119 749 1187 Flacco
794 1142 858 1185 c.
905 1126 1014 1186 18.
1062 1121 1274 1186 Vinn.
1320 1122 1404 1185 ad
1448 1123 1624 1190 Inst.
1670 1125 1805 1191 IV.
1851 1132 1923 1193 6.
1966 1148 2070 1212 pr.

439 1288 573 1355 IV.
618 1292 688 1354 4.
732 1311 841 1354 vs.
887 1293 1038 1356 ΠΧ).

357 1431 807 1513 Meafiducia
830 1452 1003 1517 opus
1025 1432 1591 1513 conduxi,etmeo
1605 1438 1934 1520 periculo
1956 1457 2094 1502 rem
2102 1457 2296 1521 yero.

357 1580 412 1641 i.
477 1600 540 1643 e.
616 1598 763 1643 mea
825 1574 1200 1642 calliditate
1269 1576 1486 1642 fretus
1516 1623 1538 1657 ,
1629 1580 1903 1666 suscepi
1969 1601 2045 1644 eo
2106 1578 2299 1646 modo

354 1712 585 1758 senem
649 1690 1143 1757 circumducere
1170 1737 1190 1770 ‚
1285 1704 1355 1757 et
1423 1692 1756 1780 quidquid
1823 1696 2089 1760 eveniat
2115 1738 2137 1772 ,
2230 1697 2301 1759 in

266 1882 271 1888 q
356 1783 575 1874 meum
619 1819 878 1893 tergum
925 1806 1207 1872 recidat.

380 1939 385 1944 ·
448 1917 633 1987 Bene
678 1919 802 1985 hoc
845 1933 1066 1987 autem
1110 1917 1418 2007 intelligi
1463 1923 1747 2008 nequit,
1819 1922 1962 1986 nisi
2007 1921 2089 1986 de
2134 1920 2308 1986 fidu-

364 2015 473 2102 cia
537 2031 663 2101 hnc
690 2021 733 2116 ,⁴
805 2048 873 2100 et
938 2035 1019 2099 de
1085 2046 1224 2099 toto
1270 2034 1560 2121 denique
1603 2056 1804 2101 versu
1853 2036 2173 2125 quaedam
2216 2057 2306 2101 ex

360 2164 661 2218 veterum
680 2149 885 2215 “more
927 2147 1353 2214 locandorum
1407 2169 1680 2236 operum
1722 2148 2145 2235 publicorum
2188 2150 2305 2215 nd-

355 2270 710 2355 jiciantur.
824 2263 930 2329 De
994 2261 1244 2328 fiducia
1312 2262 1633 2328 nonnulla
1700 2286 1792 2330 ex
1860 2262 2125 2329 Schult.
2178 2262 2305 2328 Ju-

364 2383 573 2467 rispr.
641 2380 875 2467 Antej.
943 2378 1111 2466 Pag.
1157 2384 1288 2444 282
1352 2400 1458 2467 sq.
1506 2378 1863 2465 decerpere
1903 2377 2132 2445 liceat.
2224 2376 2307 2441 In

372 2515 501 2560 usu
545 2494 683 2559 fuit
725 2491 890 2558 olim
934 2505 1310 2559 contractus
1355 2490 1647 2560 fiduciae
1672 2539 1694 2573 ,
1767 2516 1897 2581 quo
1940 2515 2048 2560 res
2106 2491 2315 2558 alicui

372 2608 917 2697 mancipabantur
935 2654 959 2687 ,
1030 2609 1155 2675 sub
1221 2608 1375 2695 lege
1444 2608 1970 2696 remancipandi.
2081 2606 2316 2673 Prouti

374 2741 534 2792 vero
576 2740 874 2791 mutuum
902 2770 924 2803 ,
994 2724 1469 2804 commodatum
1495 2770 1516 2801 ‚
1566 2724 1945 2810 depositum
1971 2771 1992 2804 ‚
2065 2727 2315 2814 pignus

383 2853 731 2908 sumuntur
756 2862 892 2927 -pro
938 2841 1115 2927 ipsis
1163 2839 1612 2906 contractibus
1659 2860 1789 2904 non
1834 2853 2089 2905 tantum
2114 2887 2136 2921 ,
2204 2841 2325 2908 sed

387 2960 590 3026 etiam
651 2978 773 3043 pro
839 2953 1088 3036 rebus,
1178 2955 1423 3045 quibus
1514 2950 2123 3021 intervenientibus
2212 2952 2324 3019 illi

381 3085 759 3140 contractus
828 3072 1146 3136 ineuntur
1170 3117 1192 3151 ,
1262 3072 1359 3135 ita
1428 3082 1494 3134 et
1559 3067 1812 3137 fiducia
1877 3070 2165 3134 sumitur
2202 3087 2323 3153 pro

385 3202 727 3255 contractu
754 3234 776 3268 ,
822 3184 934 3253 vel
974 3208 1095 3273 pro
1139 3191 1290 3273 ipsu
1331 3210 1405 3252 re
1434 3232 1455 3265 ‚
1504 3184 1793 3252 fiduciae
1838 3183 2029 3274 data:
2078 3180 2330 3246 fiducia

395 3304 610 3388 igitur
678 3316 783 3369 est
841 3305 1137 3391 pignus,
1229 3302 1403 3391 quod
1454 3293 1791 3367 ¹creditori
1845 3276 2331 3394 ‘mancipatur-J

393 3405 506 3481 dut
552 3418 817 3506 in,Jure
863 3417 1124 3488 ceditur
1151 3461 1170 3495 ‚
1204 3438 1299 3480 -ea
1341 3415 1496 3502 lege
1523 3463 1543 3494 ‚
1592 3429 1715 3494 ut,
1763 3409 1983 3478 soluta
2027 3411 2128 3476 ad·
2157 3410 2334 3477 diem

389 3532 726 3622 pecunia,
815 3533 1347 3621 remancipetur3
1451 3551 1581 3596 non
1668 3527 1887 3614 soluta
1913 3575 1934 3610 ,
2016 3529 2335 3603 creditori

391 3645 592 3734 pleno
627 3650 786 3732 jure
830 3650 1301 3719 committatur.
1367 3647 1460 3718 cf.
1523 3644 1839 3721 nobiliss.
1885 3667 1956 3711 v.
2000 3644 2284 3730 Lynden
2310 3684 2346 3720 ,.

335 3764 457 3854 ..³¹¹
506 3761 795 3846 Interpt.
838 3759 880 3825 J
887 3763 1137 3847 urispr.
1187 3761 1591 3844 Tullianae,
1675 3765 1758 3829 iu
1795 3761 2072 3847 Topicis
2122 3771 2330 3841 expo·
