2842 4767
1284 221 1388 299 52

382 466 744 531 tectiorem
853 460 1020 525 hanc
1080 461 1087 468 '
1132 460 1647 547 adpellationem
1760 467 2075 555 ingenuis
2166 463 2312 532 illis

377 580 619 648 debere
682 575 1013 644 videntur'
1051 575 1266 642 'senex
1337 576 1696 648 Plautinus
1720 627 1742 662 ,
1816 594 1887 647 et
1931 581 2317 649 Ciceronia-

377 716 504 760 nus
547 695 776 778 prior,
852 692 970 777 qui
995 737 1015 770 ‚
1086 690 1253 760 lieet
1300 694 1370 757 in
1412 706 1696 784 utroque
1738 695 1886 766 loeo
1932 696 2016 762 de
2059 694 2319 761 venali-

371 811 497 875 bus
541 828 757 874 sermo
798 819 905 871 est
932 853 954 886 ,
997 806 1515 890 proverbialiter
1555 831 1749 876 senes
1792 814 2315 890 mentionata,

379 929 432 991 i.
482 949 544 990 e.
603 924 907 989 veterani
950 922 1124 988 dieti
1167 935 1323 988 sunt
1349 970 1371 1004 ‚
1443 928 1756 1014 quoniam
1799 941 2036 993 natura
2078 950 2199 993 sua
2236 928 2320 993 ad

374 1040 778 1106 eoe‘mtiones
841 1038 1187 1104 faciendas
1278 1040 1791 1108 vetustissimus
1885 1044 2175 1131 quisque
2257 1054 2327 1107 et

374 1154 672 1219 maxime
731 1152 1113 1236 decrepitus
1177 1148 1347 1238 eligi
1417 1151 1698 1220 debuit:
1769 1154 1945 1241 qnod
1989 1167 2065 1219 ut
2104 1157 2320 1240 magis

378 1281 733 1356 appareat,
807 1287 1000 1355 quam
1058 1268 1493 1352 paucissimis
1547 1266 1709 1334 fieri
1747 1251 1974 1353 potest
1996 1311 2018 1347 ‚
2085 1266 2312 1352 expli-

375 1385 654 1451 candum
700 1384 818 1449 vid
830 1397 1016 1462 etur,
1067 1383 1336 1472 quinam
1379 1380 1494 1447 illi
1531 1384 1820 1450 fuerint.
1889 1383 2193 1449 coemtio
2235 1379 2319 1447 fit

374 1514 489 1568 ant
529 1504 963 1576 matrimonii
1008 1512 1124 1564 aut
1148 1498 1472 1578 fiduciae
1516 1515 1761 1566 cauea:
1809 1497 1935 1564 illa
1984 1520 2133 1565 oum
2176 1520 2315 1563 ma·-

378 1620 524 1681 rito
548 1661 570 1694 ‚
618 1616 782 1684 haee
834 1635 985 1679 oum
1026 1621 1370 1678 extraneo
1414 1612 1500 1678 ob
1550 1625 1687 1678 tres
1709 1614 2137 1697 potissimum
2163 1633 2316 1679 oau-

376 1753 524 1798 sas:
577 1732 671 1797 ef.
715 1727 824 1794 cl.
873 1748 1002 1792 van
1043 1727 1268 1798 Assen
1306 1726 1395 1791 ad
1438 1726 1596 1815 Gaj.
1622 1727 1684 1793 1.
1728 1731 1957 1809 9115,
2008 1740 2077 1793 et
2100 1732 2315 1820 115a:

377 1860 494 1912 aut
558 1842 808 1911 tutelae
877 1843 1229 1908 evitandae
1255 1888 1275 1923 ,
1345 1856 1460 1907 aut
1529 1845 1912 1908 testamenti
1979 1843 2276 1907 faciendi
2301 1885 2326 1920 ,-

378 1970 493 2023 aut
519 2002 540 2035 ‚
592 1957 766 2043 quod
813 1970 918 2021 est
961 1955 1163 2044 hujus
1212 1955 1348 2021 loci
1374 1999 1395 2033 ‚
1466 1975 1801 2020 sacrorum
1844 1954 2316 2020 interimendo·
2359 1965 2364 1974 ’

371 2093 519 2138 rum
564 2089 815 2148 causa5
902 2073 974 2135 in
1018 2091 1145 2157 qua
1191 2081 1522 2153 postrema
1585 2090 1782 2134 senes
1832 2068 1994 2135 illos
2040 2069 2315 2135 adhibe-

371 2188 581 2265 bant,
652 2185 833 2270 (Cic.
880 2183 932 2247 l.
979 2184 1076 2268 e.)
1141 2196 1217 2249 ut
1279 2183 1601 2249 mulieres
1673 2183 1954 2259 heredes
2022 2205 2061 2246 a
2103 2188 2315 2248 saeris

370 2300 518 2366 illis
609 2301 959 2383 perpetuis
1051 2297 1501 2364 liberarentur
1525 2343 1547 2377 ,
1636 2298 1880 2388 quibus
1972 2295 2310 2362 hereditas

370 2411 640 2481 onerata
682 2435 833 2480 esse
878 2412 1161 2480 solebat.
1253 2411 1447 2479 Talis
1492 2411 1738 2479 mulier
1780 2410 2049 2478 seilicet
2092 2417 2307 2476 eoem-2

367 2532 621 2595 tionem
679 2528 974 2594 faciebat
1038 2549 1186 2594 cum
1229 2550 1389 2598 aene
1438 2527 1716 2616 quodam
1759 2540 2023 2593 reooeto
2047 2570 2069 2604 ,
2140 2549 2301 2614 quo-

366 2667 515 2712 cum
542 2691 564 2725 ,
655 2646 868 2729 interp
882 2647 1055 2709 usito
1099 2656 1299 2728 pacto
1341 2644 1930 2728 remancipationis
1960 2688 1981 2721 ‚
2060 2645 2134 2706 in
2174 2663 2313 2706 ma-

367 2781 527 2826 nnm
569 2757 1005 2825 conveniebat
1030 2805 1052 2838 ‚
1128 2781 1166 2824 e
1209 2780 1338 2846 qna
1383 2780 1584 2846 quum
1630 2760 1860 2824 statim
1902 2777 1944 2822 a
1988 2780 2148 2824 sene
2193 2780 2315 2823 suo
2370 2785 2374 2789 ·

369 2878 788 2942 emitteretur
813 2919 834 2953 ‚
907 2871 1205 2962 singula·
1233 2895 1498 2963 quoque
1540 2874 1712 2939 bona
1754 2875 1823 2939 ei
1866 2873 2314 2941 restitueban-

366 3006 477 3057 tur
501 3034 523 3070 ‚
572 2985 742 3078 quae
790 3009 882 3055 ex
925 2987 1302 3056 hereditate
1346 2989 1431 3053 ad
1468 2991 1691 3055 virum
1737 3011 1931 3055 annun
1959 2986 2311 3053 detulerat.

371 3104 698 3181 Quoniam
761 3122 923 3168 vero
989 3101 1258 3189 singula
1290 3099 1595 3170 ‘feminae
1639 3100 2082 3169 reddebantur
2109 3145 2129 3177 ,
2196 3120 2314 3183 pe·

367 3239 490 3284 nes
558 3219 754 3285 sslum
814 3217 1241 3285 remanebant
1296 3216 1491 3285 saei-a
1516 3264 1538 3298 ,
1631 3213 1873 3305 quibus
1904 3259 1926 3293 ‚
1997 3230 2314 3277 concessa

364 3333 598 3421 procul
642 3335 846 3401 dubio
889 3332 1118 3421 aliqua
1161 3335 1697 3420 compentatione
1721 3375 1743 3409 ,
1792 3326 2259 3394 satisfaciebat
2285 3372 2306 3405 ‚

366 3447 573 3512 donee
600 3492 621 3525 ‚
692 3451 842 3516 sine
885 3448 1131 3515 herede
1183 3459 1440 3514 mortuo
1465 3494 1487 3527 ,
1556 3444 2123 3511 interimerentur.
2215 3442 2307 3507 of.

367 3560 734 3647 Sehweppe
763 3608 783 3641 ‚
855 3564 1048 3631 Rom.
1121 3561 1445 3649 Rechtsg.
1516 3567 1555 3644 9
1602 3559 1752 3627 522.
1842 3559 2046 3625 Forte
2109 3570 2177 3625 et
2232 3556 2308 3621 bi

366 3697 560 3743 senes
609 3678 859 3763 reperti
906 3692 1065 3745 sunt
1108 3700 1146 3745 a
1194 3676 1383 3746 lctis
1409 3724 1431 3756 ‚
1493 3690 1569 3742 ut
1607 3679 1819 3763 major
1864 3671 2303 3741 matrimonii:

369 3788 846 3858 conciliaretur
892 3789 1105 3855 favor.
