2842 4767
1297 251 1404 324 82

400 495 773 567 nominem,
822 489 1083 556 subulas
1110 490 1565 579 pet-legentem
1593 539 1614 573 ,
1638 494 1902 582 fugiet3
1954 500 2056 564 sic
2084 497 2326 564 Pseud.

407 613 468 672 l.
514 613 589 673 3.·
626 611 759 685 62,
806 607 1141 671 mentione
1184 607 1364 671 facta
1409 611 1933 695 argentariorum
1960 655 1981 689 ‚
2029 635 2069 677 a
2110 633 2338 676 mensa

390 724 827 808 -surgentium
856 766 876 800 ‚
942 721 1169 789 addit:
1238 727 1521 800 saturi,
1569 730 1735 808 poti
1762 772 1783 804 ‚
1831 748 1905 790 ac
1953 727 2016 791 si
2062 727 2144 791 de
2191 749 2339 791 sur·-

409 837 723 923 gentibus
771 859 810 900 a
840 859 1041 903 coena
1083 859 1297 903 sermo
1343 839 1637 915 fuisset;
1687 863 1855 928 quae
1888 840 2091 907 verba
2126 853 2343 906 tamen

410 954 631 1016 minus
720 954 1120 1038 argentariis
1192 954 1670 1019 accommodari
1734 968 2011 1040 possunt
2038 1000 2061 1033 ‚
2154 975 2345 1041 quam

413 1088 556 1130 vox
597 1068 985 1130 comitiales
1033 1066 1348 1132 testibus.
1429 1090 1436 1097 ·

497 1177 835 1246 Nimirum
877 1178 1034 1243 fieri
1075 1193 1299 1263 potest
1329 1226 1349 1257 ,
1446 1195 1521 1246 ut
1561 1190 1757 1267 poeta
1798 1197 2065 1269 praeter
2108 1183 2352 1248 dictam

412 1295 893 1380 oppositionem
983 1290 1184 1356 aliam
1262 1291 1376 1356 illi
1441 1293 1722 1360 subesse
1784 1295 2350 1382 significationem

408 1404 750 1473 'volueritt
823 1409 888 1470 si
951 1409 1127 1471 enim
1170 1408 1567 1493 respicimus
1617 1408 1815 1475 Cure.
1861 1412 1930 1474 4.
1978 1413 2043 1473 1.
2090 1414 2177 1487 9,
2244 1411 2349 1473 vi-

400 1521 687 1599 'demuS,
738 1519 1100 1587 Comitium
1148 1521 1368 1586 fuisse
1388 1522 1610 1607 ‘quasi
1654 1522 1874 1586 sedem
1898 1527 2351 1609 perjurorum,

418 1638 736 1724 'quoniam
782 1636 884 1699 ibi
919 1635 1186 1723 J'udicia
1229 1633 1683 1713 habebantur,
1749 1649 1815 1701 et
1856 1635 2152 1722 litigiosi
2198 1658 2356 1723 qua-

425 1755 492 1818 si
534 1751 947 1817 habitabant.
1038 1749 1187 1813 Hoc
1232 1751 1451 1834 igitur
1492 1750 1781 1816 fortasse
1823 1749 2013 1816 vult:
2059 1773 2189 1815 non
2224 1772 2360 1814 mo-

398 1866 509 1932 ··do
575 1889 704 1932 non
769 1879 925 1930 sunt
990 1863 1421 1930 intestabiles
1451 1910 1472 1944 ,
1567 1868 1701 1930 imo
1770 1869 1995 1951 potius
2065 1866 2365 1953 quotidie

418 1979 1081 2046 falsis-testimoniis
1127 1982 1223 2044 in·
1248 1981 1522 2044 comitio
1564 1977 1727 2044 lites
1774 1992 2005 2044 serunt
2033 2026 2054 2058 ,
2133 1984 2363 2066 perju-

420 2094 529 2161 ‘rio
572 2093 736 2161 lites
783 2095 1072 2181 adipisci
1112 2092 1481 2179 postulant.
1529 2093 1622 2157 cf.
1673 2092 1852 2159 Rud.
1900 2093 2083 2159 Prol.
2128 2118 2235 2160 vs.
2283 2099 2365 2162 13

418 2233 575 2299 sqq.
602 2236 609 2243 ·
660 2210 886 2297 Magis
913 2208 1191 2272 idoneos
1214 2207 1517 2272 homines
1537 2207 1867 2274 adducere
1888 2223 2067 2274 certe
2092 2231 2220 2274 non
2246 2233 2365 2296 po·-

426 2324 676 2392 tuis'set
706 2319 1186 2409 Agorastocles
1214 2321 1296 2386 ad
1320 2343 1462 2386 eam
1484 2343 1624 2388 rem
1653 2367 1676 2404 ‚
1725 2343 1917 2411 quam
1939 2320 2362 2387 moliebatur.

502 2523 653 2590 «ΙΙΙ.
701 2526 766 2591 5.
812 2545 917 2593 vs.
961 2526 1075 2590 40.
1162 2521 1556 2602 Manifesta
1583 2521 1724 2603 fur
1768 2543 1839 2587 ee
1882 2519 2073 2611 mihi.

434 2718 445 2727 .
521 2666 709 2745 Quae
775 2671 848 2732 in
916 2667 1053 2733 his·
1093 2666 1345 2733 fabulis
1370 2696 1389 2731 ·.
1417 2668 1504 2732 de
1564 2667 1767 2732 furtis
1834 2664 2149 2752 leguntur
2192 2664 2371 2730 haud

434 2785 853 2870 perexigua,
918 2806 985 2847 ·e
1036 2786 1201 2868 jure
1260 2781 1464 2849 civili
1495 2802 1746 2867 ,parum
1810 2778 1994 2845 lunis
2051 2779 2216 2845 sibi.
2251 2802 2369 2866 pe·

432 2904 581 2964 'tunt
612 2945 632 2977 ‚
726 2899 1035 2984 quonian
1090 2902 1303 2984 *poeta
1365 2904 1776 2984 argumento
1816 2908 1884 2961 et
1947 2897 2367 2961 oeconomiae

434 3011 824 3106 &baiarum
847 3010 1003 3098 plus
1049 3011 1321 3077 dedisse
1363 3011 1706 3083 videtum:
1735 3031 1928 3098 quam
1970 3012 2218 3075 rationi
2241 3020 2248 3027 ’
2252 3014 2367 3095 ju·-

436 3106 596 3210 τίκτ’
638 3125 927 3191 sicv-
987 3149 1046 3190 c.
1092 3125 1491 3191 {fui-esbon
1536 3122 1768 3192 semel
1834 3125 2188 3203 dicuntur,
2249 3123 2370 3208 qui

438 3242 692 3306 fur-tuin
774 3261 911 3305 non
997 3244 1538 3318 commiserunt,
1630 3239 1806 3329 quod
1888 3251 2069 3305 recte
2149 3248 2370 3301 monet

434 3355 705 3423 Hotom.
770 3356 851 3421 ad
912 3378 1016 3421 vs.
1060 3377 1284 3442 praec.
1395 3353 1541 3423 Nec
1606 3355 1820 3442 magis
1885 3354 2138 3419 furtum
2182 3352 2375 3417 adest

436 3470 639 3537 Cure.
690 3475 754 3538 5.
799 3478 867 3538 2-
910 3477 1022 3557 21.
1049 3517 1071 3551 ‚
1135 3471 1510 3537 nen,‘l'ruc.
1549 3475 1620 3536 ,4.
1665 3476 1748 3535 2.·
1775 3473 1910 3549 49,
1985 3489 2375 3556 quamquam

436 3584 884 3652 Phaedromus
930 3588 1003 3651 in
1047 3583 1246 3654 Curc.
1291 3584 1484 3666 loco,
1533 3599 1599 3651 et
1643 3584 2025 3651 Dinarchus
2072 3587 2147 3649 in
2170 3582 2376 3648 Truc.

389 3789 395 3793 .
438 3697 941 3788 quadruplicem
968 3702 1331 3788 pecuniam
1366 3724 1443 3777 se
1464 3699 1845 3779 ablaturos,
1888 3693 2372 3786 velquadrupli

438 3835 695 3883 manum
743 3816 1158 3900 iniecturos,
1207 3820 1258 3881 i.
1306 3841 1368 3882 e.
1416 3818 1584 3882 furti
1629 3816 1975 3884 manifesti
1999 3835 2075 3880 se
2095 3828 2370 3880 accusa-
