2842 4767
1365 251 1519 328 118

1382 490 1477 556 V.

544 676 744 761 Patre
768 740 789 774 ‚
875 705 1083 758 matre
1109 737 1130 770 ‚
1211 662 1358 756 a'vis
1385 735 1406 768 ‚
1503 693 1817 779 atriisque
1871 693 2344 764 deficientibus
2373 745 2394 778 ‚

458 834 765 902 exclusi:
810 835 1077 922 proavis
1123 846 1190 898 et
1238 834 1537 919 pronviis
1566 880 1587 914 ‚
1639 836 1868 901 futuro
1931 840 2205 925 conjugi
2247 861 2401 903 con-

458 1001 695 1045 sensus
739 976 1061 1065 petendus
1114 989 1218 1043 eut
1261 998 1302 1040 a
1351 975 1640 1043 concilio
1691 964 2021 1046 fumiliue.

1365 1232 1499 1298 Vl.

553 1464 781 1531 Verba
829 1472 989 1529 tout
1048 1462 1270 1529 truite
1340 1464 1412 1527 in
1465 1474 1590 1527 nrt.
1640 1459 1722 1526 C.
1770 1458 1850 1526 C.
1897 1464 2054 1527 472.
2125 1461 2406 1528 restrin-

472 1606 685 1695 genda
733 1619 887 1672 sunt
931 1606 1016 1671 ad
1060 1606 1532 1671 conventiones
1557 1649 1580 1683 ‚
1646 1602 1890 1691 quibus
1939 1616 2117 1668 tutor
2161 1601 2409 1669 libern-

470 1763 657 1817 retur
724 1748 1138 1836 obligatione
1185 1706 1512 1813 reddendi
1557 1749 1880 1813 rationem
1929 1747 2413 1815 administrati-

484 1895 635 1957 onis
682 1912 868 1956 suae.

1359 2088 1532 2156 vll.

559 2290 912 2355 Praedium
937 2335 957 2363 ,
1048 2261 1129 2354 nb
1176 2312 1389 2355 uxore
1439 2303 1777 2356 contractu
1827 2289 2117 2378 nuptiali
2176 2295 2415 2358 marito

476 2431 781 2497 donatum
809 2478 830 2512 ‚
920 2444 988 2498 et
1034 2432 1529 2499 interveniente
1575 2433 1758 2499 thori
1801 2447 1871 2500 et
1910 2454 2178 2499 mensae
2226 2454 2418 2521 sepa-

472 2578 728 2642 ratione
773 2577 974 2641 tertio
1018 2574 1313 2663 legatum
1338 2619 1360 2654 ,
1405 2579 1551 2663 peti
1597 2580 1856 2664 nequit.

1350 2805 1561 2873 vlu.

564 3007 645 3076 In
691 3029 847 3073 casu
894 3021 1018 3073 nrt.
1062 3012 1212 3076 317.
1260 3005 1341 3074 C.
1388 3007 1471 3073 C.
1517 3007 1825 3094 probatio
1872 3005 2241 3073 heredibus
2287 3009 2409 3073 im-

474 3153 765 3237 ponitur.

1377 3319 1508 3391 IX.

565 3489 984 3603 Dereliot-io,
1047 3529 1240 3612 cujus
1293 3501 1544 3591 mentio
1590 3524 1671 3590 fit
1713 3526 1787 3589 in
1835 3535 1961 3590 art.
2011 3526 2162 3589 802.
2208 3519 2289 3588 C.
2338 3517 2419 3586 C.

482 3689 551 3735 n.
599 3670 664 3732 l.
693 3713 714 3747 ,
785 3689 913 3735 non
954 3628 1062 3737 est
1104 3670 1598 3771 aequiparando
1639 3668 2097 3756 repudiatioui
2146 3685 2416 3749 succes-

484 3812 726 3876 tionis.
