2842 4767
1434 292 1535 369 5⁷

516 527 840 593 Petitoris
878 529 1182 616 -plurimi
1225 532 1548 599 intererat
1576 577 1594 610 ‚
1643 552 1877 597 nomen
1902 574 1924 608 ‚
1953 578 1958 583 -
1989 528 2164 617 quod
2209 528 2444 612 exige·

522 642 637 707 bat
662 689 684 723 ‚
730 646 806 708 in
842 644 1000 732 jure
1043 645 1350 713 Praetori-
1393 666 1589 735 quam
1634 645 2139 712 accuratissime
2165 688 2185 722 ‚
2235 655 2304 707 et
2345 654 2445 705 ta·
2523 666 2528 673 ·

516 755 587 822 le
628 761 892 824 omnino
946 783 1313 848 proponere
1335 808 1356 841 ‚
1428 760 1624 849 quale
1666 760 1805 829 sibi
1848 758 2081 824 deberi
2122 757 2205 821 ad
2247 752 2452 821 libel-

520 870 655 938 lam
697 890 928 960 posset
969 876 1273 963 probare.
1379 874 1555 942 Nam
1599 873 1807 941 semel
1849 884 2165 958 concepta
2205 871 2455 936 formu-

518 985 588 1055 la
613 1034 634 1067 ‚
713 1002 780 1054 et
824 992 1015 1055 re-in
1069 991 1403 1078 judicium
1450 990 1729 1058 deducta
1754 1034 1775 1068 ‚
1866 992 2072 1054 causa‘
2124 983 2403 1050 cadebat
2431 1029 2454 1061 ,

524 1103 591 1167 si
635 1101 745 1168 vel
791 1124 923 1169 uno
965 1126 1226 1171 nummo
1270 1119 1586 1171 errasset.

611 1272 749 1339 111.
795 1276 863 1339 2.
913 1298 1014 1341 νε.
1065 1281 1212 1342 112.
1914 1279 1979 1338 εἰ
2023 1273 2200 1337 male
2244 1272 2462 1335 emta&

613 1387 932 1469 Fon-em,
981 1390 1178 1456 nobis
1225 1398 1408 1457 istae
1454 1390 1832 1456 redhibere
1861 1388 2050 1453 haud
2098 1389 2378 1452 liceret·

518 1533 778 1600 Emtori
820 1538 1139 1601 nimirum
1180 1534 1435 1600 licebat
1478 1534 1561 1597 ob
1605 1532 1824 1597 latens
1869 1533 2114 1595 vitium
2178 1532 2282 1595 rei
2327 1550 2462 1595 em-

525 1660 631 1712 tae
695 1646 823 1712 vel
869 1647 952 1710 ob
1019 1645 1259 1711 falsam
1323 1646 1804 1712 indicationem
1870 1645 2243 1711 venditoris
2289 1644 2462 1707 resi-

524 1760 660 1825 lire
688 1806 708 1838 ‚
778 1772 846 1824 et
889 1782 1027 1825 rem
1072 1773 1310 1827 emtam
1352 1762 1709 1828 redhibere
1734 1806 1756 1840 ,
1817 1738 1961 1825 nisi
2005 1762 2228 1846 ipsum
2272 1778 2467 1842 coge·
2473 1803 2480 1809 -

534 1895 606 1938 re
651 1871 882 1939 mallet
909 1919 931 1952 ,
1017 1888 1090 1940 ut
1135 1875 1276 1940 sibi
1318 1876 1671 1955 redderet,
1759 1877 1989 1963 quanti
2030 1872 2311 1938 minoris
2355 1891 2466 1935 res

533 2001 705 2054 emta
748 1971 1123 2057 valuisset.
1195 1994 1373 2057 actio
1418 1990 1587 2056 hanc
1631 1972 1713 2056 ob
1760 1990 2066 2061 fraudem
2109 2010 2202 2054 ex
2244 1974 2466 2052 edicto

528 2103 851 2182 aedilicio
896 2104 1171 2171 dabatur
1214 2105 1686 2172 redhibitoria.
1708 2088 1947 2183 Quae
1990 2117 2208 2170 tamen
2231 2113 2468 2188 sponte

528 2218 941 2306 intelligitur
1006 2218 1227 2286 locum
1290 2218 1538 2288 habere
1602 2224 1732 2287 non
1775 2240 1980 2306 posse
2005 2265 2027 2300 ,
2116 2218 2468 2303 propterea

529 2334 707 2424 quod
771 2337 993 2402 carius
1062 2350 1308 2403 emtum
1372 2352 1503 2403 est.
1587 2338 1703 2403 Ex
1747 2335 1896 2403 loco
1940 2337 2061 2402 cit.
2108 2332 2415 2399 videmus
2445 2376 2465 2408 ‚

523 2473 614 2517 ex
655 2464 846 2535 parte
891 2463 1145 2516 tantum
1186 2473 1417 2518 verum
1462 2455 1829 2536 scripsisse
1895 2450 1986 2517 cl.
2032 2449 2218 2536 Hug.
2269 2448 2462 2515 Ram.

527 2563 854 2652 Rechtsg.
936 2564 1102 2654 Pag.
1170 2572 1300 2635 632
1324 2611 1346 2644 ‚
1437 2565 1958 2632 redhibitionem
2022 2564 2362 2629 venditori
2427 2583 2468 2624 a

525 2677 765 2746 Plauto
861 2680 1075 2747 tribui
1160 2679 1617 2747 affirmantem.
1724 2678 1899 2746 Nam
1978 2676 2194 2745 Merc.
2259 2680 2328 2740 2.
2398 2679 2465 2739 3.

534 2797 642 2859 84.
689 2792 792 2879 (1)
835 2793 1225 2867 adolescens
1267 2799 1448 2881 patri
1491 2794 1896 2880 persuadere
1939 2806 2213 2858 conatur
2235 2836 2255 2870 ‚
2306 2809 2468 2854 ven·-

534 2906 818 2975 ditorem
861 2909 1131 2976 dixisse
1177 2932 1251 2983 se
1292 2909 1650 2977 redhibere
1674 2955 1696 2990 ,
1767 2911 1832 2974 si
1874 2905 2103 2992 puella
2143 2906 2274 2970 xnon
2318 2900 2464 2988 pla-

533 3037 722 3101 ceat,
770 3026 826 3088 i.
874 3046 939 3088 e.
985 3044 1059 3091 se
1102 3046 1338 3093 rursus
1381 3024 1627 3091 habere
1671 3010 1851 3091 velle
1879 3069 1900 3103 ,
1949 3044 2079 3112 qua
2122 3017 2468 3108 significa-

532 3141 716 3205 tione
780 3137 1055 3205 verbum
1125 3129 1305 3207 illad.
1361 3162 1689 3229 nusquam
1754 3142 2047 3207 occurrit
2072 3185 2094 3221 ‚
2160 3150 2466 3205 monente

526 3250 769 3320 Gron.-
802 3275 879 3319 ει..
934 3253 1004 3319 h.
1074 3252 1129 3318 l.
1217 3276 1308 3320 ex
1394 3255 1792 3322 auctoritate
1881 3253 2068 3341 Scip.
2136 3249 2461 3319 Gentilis.

535 3364 729 3442 Quod
772 3381 991 3436 tamen
1032 3369 1224 3435 addit
1265 3371 1713 3457 vil-‘insignis
1735 3417 1760 3450 ‚
1823 3391 1946 3458 pro
1990 3391 2062 3434 ee
2106 3367 2464 3435 redhibere

537 3476 891 3567 legendum
957 3505 1109 3551 esse
1174 3484 1313 3552 eibi
1378 3483 1736 3553 redhibere
1768 3510 1794 3552 .·
1886 3484 2063 3550 haud
2122 3487 2265 3551 scio
2292 3530 2317 3560 .,
2365 3494 2467 3550 'an

594 3777 675 3846 (1)
723 3780 879 3831 Briso.
931 3781 995 3832 dc
1027 3782 1091 3833 V.
1128 3785 1177 3834 S.
1218 3785 1253 3834 i.
1291 3801 1341 3833 v.
1381 3785 1656 3836 redhibere
1676 3821 1689 3845 ‚
1742 3748 1878 3836 hanc
1910 3803 2107 3839 veroum
2142 3786 2301 3846 citat.
2354 3785 2459 3836 acsi

525 3873 589 3924 dc
623 3879 814 3926 emtore
848 3891 1010 3926 sermo
1047 3882 1181 3929 euet
1214 3877 1545 3932 redhibituro.

2170 3984 2207 4041 8
