<?xml version="1.0" encoding="UTF-8"?>
<!DOCTYPE html PUBLIC "-//W3C//DTD XHTML 1.0 Transitional//EN"
    "http://www.w3.org/TR/xhtml1/DTD/xhtml1-transitional.dtd">
<html xmlns="http://www.w3.org/1999/xhtml" xml:lang="en" lang="en">
 <head>
  <title>
</title>
<meta http-equiv="Content-Type" content="text/html;charset=utf-8" />
  <meta name='ocr-system' content='tesseract 3.04.00' />
  <meta name='ocr-capabilities' content='ocr_page ocr_carea ocr_par ocr_line ocrx_word'/>
</head>
<body>
  <div class='ocr_page' id='page_1' title='image "./specimenjuridic00romegoog_0123.png"; bbox 0 0 2842 4767; ppageno 0'>
   <div class='ocr_carea' id='block_1_1' title="bbox 1372 270 1551 350">
    <p class='ocr_par' dir='ltr' id='par_1_1' title="bbox 1372 270 1551 350">
     <span class='ocr_line' id='line_1_1' title="bbox 1372 270 1551 350; baseline 0.011 -2"><span class='ocrx_word' id='word_1_1' title='bbox 1372 270 1515 350; x_wconf 78' lang='lat'><strong>111</strong></span> <span class='ocrx_word' id='word_1_2' title='bbox 1544 326 1551 336; x_wconf 87' lang='lat'>-</span> 
     </span>
    </p>
   </div>
   <div class='ocr_carea' id='block_1_2' title="bbox 479 514 2424 949">
    <p class='ocr_par' dir='ltr' id='par_1_2' title="bbox 479 514 2424 949">
     <span class='ocr_line' id='line_1_2' title="bbox 479 514 2416 608; baseline 0.001 -25"><span class='ocrx_word' id='word_1_3' title='bbox 479 514 897 605; x_wconf 77' lang='lat' dir='ltr'><strong>publicarum</strong></span> <span class='ocrx_word' id='word_1_4' title='bbox 951 514 1417 581; x_wconf 81' lang='lat' dir='ltr'><strong>verrendarum</strong></span> <span class='ocrx_word' id='word_1_5' title='bbox 1463 535 1621 579; x_wconf 89' lang='lat' dir='ltr'><strong>cura</strong></span> <span class='ocrx_word' id='word_1_6' title='bbox 1664 535 1923 602; x_wconf 87' lang='lat' dir='ltr'><strong>quoque</strong></span> <span class='ocrx_word' id='word_1_7' title='bbox 1965 530 2108 608; x_wconf 84' lang='lat' dir='ltr'><strong>erat</strong></span> <span class='ocrx_word' id='word_1_8' title='bbox 2141 514 2416 586; x_wconf 75' lang='lat' dir='ltr'><strong>manda·</strong></span> 
     </span>
     <span class='ocr_line' id='line_1_3' title="bbox 479 626 2418 720; baseline 0.001 -23"><span class='ocrx_word' id='word_1_9' title='bbox 479 646 593 711; x_wconf 84' lang='lat' dir='ltr'><strong>ta,</strong></span> <span class='ocrx_word' id='word_1_10' title='bbox 663 629 1362 720; x_wconf 82' lang='lat' dir='ltr'><strong>significarevidetur</strong></span> <span class='ocrx_word' id='word_1_11' title='bbox 1387 672 1409 707; x_wconf 93' lang='lat'><strong>,</strong></span> <span class='ocrx_word' id='word_1_12' title='bbox 1481 626 1590 693; x_wconf 87' lang='lat' dir='ltr'><strong>vel</strong></span> <span class='ocrx_word' id='word_1_13' title='bbox 1635 627 1868 697; x_wconf 84' lang='lat' dir='ltr'><strong>saltem</strong></span> <span class='ocrx_word' id='word_1_14' title='bbox 1914 652 2137 695; x_wconf 88' lang='lat' dir='ltr'><strong>eorum</strong></span> <span class='ocrx_word' id='word_1_15' title='bbox 2181 637 2418 699; x_wconf 75' lang='lat' dir='ltr'><strong>minis-</strong></span> 
     </span>
     <span class='ocr_line' id='line_1_4' title="bbox 479 741 2422 831; baseline 0 -17"><span class='ocrx_word' id='word_1_16' title='bbox 479 756 656 814; x_wconf 56' lang='lat' dir='ltr'><strong>troc.</strong></span> <span class='ocrx_word' id='word_1_17' title='bbox 746 745 1158 812; x_wconf 81' lang='lat' dir='ltr'><strong>Dinarchum</strong></span> <span class='ocrx_word' id='word_1_18' title='bbox 1222 741 1426 831; x_wconf 84' lang='lat' dir='ltr'><strong>fingit</strong></span> <span class='ocrx_word' id='word_1_19' title='bbox 1476 742 1783 830; x_wconf 85' lang='lat' dir='ltr'><strong>publicos</strong></span> <span class='ocrx_word' id='word_1_20' title='bbox 1828 758 2273 826; x_wconf 79' lang='lat' dir='ltr'><strong>metuentem,</strong></span> <span class='ocrx_word' id='word_1_21' title='bbox 2339 770 2422 815; x_wconf 86' lang='lat' dir='ltr'><strong>ne</strong></span> 
     </span>
     <span class='ocr_line' id='line_1_5' title="bbox 482 845 2424 949; baseline 0.001 -24"><span class='ocrx_word' id='word_1_22' title='bbox 482 861 682 935; x_wconf 85' lang='lat' dir='ltr'><strong>aedes</strong></span> <span class='ocrx_word' id='word_1_23' title='bbox 772 883 932 926; x_wconf 84' lang='lat' dir='ltr'><strong>suae</strong></span> <span class='ocrx_word' id='word_1_24' title='bbox 1015 862 1420 946; x_wconf 79' lang='lat' dir='ltr'><strong>purissimae</strong></span> <span class='ocrx_word' id='word_1_25' title='bbox 1487 861 1947 946; x_wconf 83' lang='lat' dir='ltr'><strong>reperiantur3</strong></span> <span class='ocrx_word' id='word_1_26' title='bbox 2036 883 2165 926; x_wconf 91' lang='lat' dir='ltr'><strong>non</strong></span> <span class='ocrx_word' id='word_1_27' title='bbox 2225 845 2424 949; x_wconf 59' lang='lat' dir='ltr'><strong>Prop-</strong></span> 
     </span>
    </p>
   </div>
   <div class='ocr_carea' id='block_1_3' title="bbox 472 974 2427 1178">
    <p class='ocr_par' dir='ltr' id='par_1_3' title="bbox 472 974 2427 1178">
     <span class='ocr_line' id='line_1_6' title="bbox 476 974 2426 1063; baseline 0.001 -21"><span class='ocrx_word' id='word_1_28' title='bbox 476 991 659 1042; x_wconf 84' lang='lat' dir='ltr'><strong>terea</strong></span> <span class='ocrx_word' id='word_1_29' title='bbox 725 975 899 1062; x_wconf 87' lang='lat' dir='ltr'><strong>quod</strong></span> <span class='ocrx_word' id='word_1_30' title='bbox 953 977 1240 1061; x_wconf 62' lang='lat' dir='ltr'><strong>pri‘v&#39;atis</strong></span> <span class='ocrx_word' id='word_1_31' title='bbox 1288 995 1548 1061; x_wconf 87' lang='lat' dir='ltr'><strong>quoque</strong></span> <span class='ocrx_word' id='word_1_32' title='bbox 1590 974 1955 1040; x_wconf 85' lang='lat' dir='ltr'><strong>mundiciis</strong></span> <span class='ocrx_word' id='word_1_33' title='bbox 2002 988 2188 1041; x_wconf 89' lang='lat' dir='ltr'><strong>erant</strong></span> <span class='ocrx_word' id='word_1_34' title='bbox 2233 998 2426 1063; x_wconf 83' lang='lat' dir='ltr'><strong>prae-</strong></span> 
     </span>
     <span class='ocr_line' id='line_1_7' title="bbox 472 1084 2427 1178; baseline -0.001 -22"><span class='ocrx_word' id='word_1_35' title='bbox 472 1093 684 1178; x_wconf 80' lang='lat' dir='ltr'><strong>positi</strong></span> <span class='ocrx_word' id='word_1_36' title='bbox 722 1089 1009 1157; x_wconf 26' lang='lat' dir='ltr'><strong>‘aediles</strong></span> <span class='ocrx_word' id='word_1_37' title='bbox 1037 1135 1059 1169; x_wconf 99' lang='lat'><strong>,</strong></span> <span class='ocrx_word' id='word_1_38' title='bbox 1131 1089 1253 1155; x_wconf 87' lang='lat' dir='ltr'><strong>sed</strong></span> <span class='ocrx_word' id='word_1_39' title='bbox 1318 1089 1400 1154; x_wconf 89' lang='lat' dir='ltr'><strong>de</strong></span> <span class='ocrx_word' id='word_1_40' title='bbox 1455 1089 1779 1154; x_wconf 85' lang='lat' dir='ltr'><strong>verrendo</strong></span> <span class='ocrx_word' id='word_1_41' title='bbox 1821 1102 1891 1154; x_wconf 90' lang='lat' dir='ltr'><strong>et</strong></span> <span class='ocrx_word' id='word_1_42' title='bbox 1932 1084 2275 1176; x_wconf 82' lang='lat' dir='ltr'><strong>purgando</strong></span> <span class='ocrx_word' id='word_1_43' title='bbox 2314 1112 2427 1156; x_wconf 87' lang='lat' dir='ltr'><strong>co-</strong></span> 
     </span>
    </p>
   </div>
   <div class='ocr_carea' id='block_1_4' title="bbox 468 1202 2423 1520">
    <p class='ocr_par' dir='ltr' id='par_1_4' title="bbox 468 1202 2423 1520">
     <span class='ocr_line' id='line_1_8' title="bbox 471 1202 2423 1291; baseline 0 -21"><span class='ocrx_word' id='word_1_44' title='bbox 471 1207 695 1291; x_wconf 84' lang='lat' dir='ltr'><strong>gitans</strong></span> <span class='ocrx_word' id='word_1_45' title='bbox 765 1204 1044 1271; x_wconf 88' lang='lat' dir='ltr'><strong>Plautus</strong></span> <span class='ocrx_word' id='word_1_46' title='bbox 1074 1250 1095 1282; x_wconf 91' lang='lat'><strong>,</strong></span> <span class='ocrx_word' id='word_1_47' title='bbox 1170 1216 1238 1267; x_wconf 92' lang='lat' dir='ltr'><strong>et</strong></span> <span class='ocrx_word' id='word_1_48' title='bbox 1299 1223 1481 1266; x_wconf 89' lang='lat' dir='ltr'><strong>more</strong></span> <span class='ocrx_word' id='word_1_49' title='bbox 1548 1223 1671 1265; x_wconf 88' lang='lat' dir='ltr'><strong>suo</strong></span> <span class='ocrx_word' id='word_1_50' title='bbox 1737 1205 1811 1267; x_wconf 87' lang='lat' dir='ltr'><strong>in</strong></span> <span class='ocrx_word' id='word_1_51' title='bbox 1874 1202 2074 1268; x_wconf 84' lang='lat' dir='ltr'><strong>rebus</strong></span> <span class='ocrx_word' id='word_1_52' title='bbox 2121 1205 2423 1291; x_wconf 84' lang='lat' dir='ltr'><strong>cognatis</strong></span> 
     </span>
     <span class='ocr_line' id='line_1_9' title="bbox 472 1314 2422 1404; baseline 0.003 -21"><span class='ocrx_word' id='word_1_53' title='bbox 472 1321 942 1403; x_wconf 83' lang='lat' dir='ltr'><strong>intempestive</strong></span> <span class='ocrx_word' id='word_1_54' title='bbox 1008 1317 1286 1381; x_wconf 79' lang='lat' dir='ltr'><strong>sociatis</strong></span> <span class='ocrx_word' id='word_1_55' title='bbox 1345 1314 1648 1401; x_wconf 85' lang='lat' dir='ltr'><strong>joculum</strong></span> <span class='ocrx_word' id='word_1_56' title='bbox 1714 1330 1985 1404; x_wconf 73' lang='lat' dir='ltr'><strong>captans</strong></span> <span class='ocrx_word' id='word_1_57' title='bbox 2011 1362 2058 1395; x_wconf 35' lang='lat'><strong>,1</strong></span> <span class='ocrx_word' id='word_1_58' title='bbox 2113 1318 2422 1404; x_wconf 81' lang='lat' dir='ltr'><strong>publicae</strong></span> 
     </span>
     <span class='ocr_line' id='line_1_10' title="bbox 468 1429 1688 1520; baseline -0.007 -23"><span class='ocrx_word' id='word_1_59' title='bbox 468 1433 838 1498; x_wconf 80' lang='lat' dir='ltr'><strong>munditiae</strong></span> <span class='ocrx_word' id='word_1_60' title='bbox 880 1443 1222 1520; x_wconf 71' lang='lat' dir='ltr'><strong>curatores</strong></span> <span class='ocrx_word' id='word_1_61' title='bbox 1268 1429 1550 1513; x_wconf 86' lang='lat' dir='ltr'><strong>adjecit.</strong></span> <span class='ocrx_word' id='word_1_62' title='bbox 1599 1462 1688 1476; x_wconf 90' lang='lat'><strong>--</strong></span> 
     </span>
    </p>
   </div>
   <div class='ocr_carea' id='block_1_5' title="bbox 557 1584 1115 1671">
    <p class='ocr_par' dir='ltr' id='par_1_5' title="bbox 557 1584 1115 1671">
     <span class='ocr_line' id='line_1_11' title="bbox 557 1584 1115 1671; baseline -0.016 -1"><span class='ocrx_word' id='word_1_63' title='bbox 557 1604 689 1671; x_wconf 86' lang='lat' dir='ltr'><strong>IV.</strong></span> <span class='ocrx_word' id='word_1_64' title='bbox 737 1584 811 1668; x_wconf 65' lang='lat'><strong>2:</strong></span> <span class='ocrx_word' id='word_1_65' title='bbox 851 1622 956 1665; x_wconf 83' lang='lat' dir='ltr'><strong>vs.</strong></span> <span class='ocrx_word' id='word_1_66' title='bbox 999 1602 1115 1663; x_wconf 84' lang='lat'><strong>46.</strong></span> 
     </span>
    </p>
   </div>
   <div class='ocr_carea' id='block_1_6' title="bbox 559 1727 2423 2387">
    <p class='ocr_par' dir='ltr' id='par_1_6' title="bbox 559 1727 2419 1953">
     <span class='ocr_line' id='line_1_12' title="bbox 559 1727 2419 1824; baseline 0.002 -16"><span class='ocrx_word' id='word_1_67' title='bbox 559 1742 720 1808; x_wconf 85' lang='lat' dir='ltr'><strong>Jam</strong></span> <span class='ocrx_word' id='word_1_68' title='bbox 764 1741 1001 1807; x_wconf 73' lang='lat' dir='ltr'><strong>hercle</strong></span> <span class='ocrx_word' id='word_1_69' title='bbox 1047 1761 1167 1824; x_wconf 72' lang='lat' dir='ltr'><strong>eqo</strong></span> <span class='ocrx_word' id='word_1_70' title='bbox 1216 1738 1350 1805; x_wconf 72' lang='lat' dir='ltr'><strong>tibi</strong></span> <span class='ocrx_word' id='word_1_71' title='bbox 1373 1787 1397 1823; x_wconf 92' lang='lat'>‚</span> <span class='ocrx_word' id='word_1_72' title='bbox 1470 1740 1851 1820; x_wconf 77' lang='lat' dir='ltr'><strong>illecebra,</strong></span> <span class='ocrx_word' id='word_1_73' title='bbox 1922 1743 2121 1808; x_wconf 75' lang='lat' dir='ltr'><strong>ludos</strong></span> <span class='ocrx_word' id='word_1_74' title='bbox 2147 1727 2419 1823; x_wconf 74' lang='lat' dir='ltr'><strong>faciam</strong></span> 
     </span>
     <span class='ocr_line' id='line_1_13' title="bbox 992 1858 2412 1953; baseline 0.005 -34"><span class='ocrx_word' id='word_1_75' title='bbox 992 1922 1003 1953; x_wconf 17' lang='grc' dir='ltr'><strong>ι,</strong></span> <span class='ocrx_word' id='word_1_76' title='bbox 1775 1858 2072 1924; x_wconf 82' lang='lat' dir='ltr'><strong>clamore</strong></span> <span class='ocrx_word' id='word_1_77' title='bbox 2116 1864 2193 1925; x_wconf 81' lang='lat' dir='ltr'><strong>in</strong></span> <span class='ocrx_word' id='word_1_78' title='bbox 2241 1865 2357 1924; x_wconf 82' lang='lat' dir='ltr'><strong>via</strong></span> <span class='ocrx_word' id='word_1_79' title='bbox 2386 1884 2412 1927; x_wconf 89' lang='lat'><strong>.·</strong></span> 
     </span>
    </p>

    <p class='ocr_par' dir='ltr' id='par_1_7' title="bbox 563 1952 2423 2387">
     <span class='ocr_line' id='line_1_14' title="bbox 577 1952 2423 2059; baseline 0.001 -21"><span class='ocrx_word' id='word_1_80' title='bbox 577 1971 768 2051; x_wconf 71' lang='lat' dir='ltr'><strong>Quae</strong></span> <span class='ocrx_word' id='word_1_81' title='bbox 844 1952 1215 2036; x_wconf 28' lang='lat' dir='ltr'><strong>‘advorsum</strong></span> <span class='ocrx_word' id='word_1_82' title='bbox 1307 1971 1517 2055; x_wconf 60' lang='lat' dir='ltr'><strong>leyen»</strong></span> <span class='ocrx_word' id='word_1_83' title='bbox 1583 1976 1922 2057; x_wconf 75' lang='lat' dir='ltr'><strong>accepisti</strong></span> <span class='ocrx_word' id='word_1_84' title='bbox 1986 1996 2029 2037; x_wconf 87' lang='lat' dir='ltr'><strong>a</strong></span> <span class='ocrx_word' id='word_1_85' title='bbox 2083 1975 2423 2059; x_wconf 73' lang='lat' dir='ltr'><strong>plurimis</strong></span> 
     </span>
     <span class='ocr_line' id='line_1_15' title="bbox 667 2076 2416 2181; baseline -0.01 -14"><span class='ocrx_word' id='word_1_86' title='bbox 667 2150 696 2167; x_wconf 40' lang='lat' dir='ltr'><strong>f·</strong></span> <span class='ocrx_word' id='word_1_87' title='bbox 1651 2174 1656 2181; x_wconf 13' lang='lat' dir='ltr'>A</span> <span class='ocrx_word' id='word_1_88' title='bbox 1702 2076 1708 2085; x_wconf 54' lang='grc'>’</span> <span class='ocrx_word' id='word_1_89' title='bbox 1885 2152 1890 2157; x_wconf 80' lang='grc'><strong><em>,</em></strong></span> <span class='ocrx_word' id='word_1_90' title='bbox 2019 2092 2416 2171; x_wconf 71' lang='lat' dir='ltr'><strong>pecuniam.</strong></span> 
     </span>
     <span class='ocr_line' id='line_1_16' title="bbox 563 2199 2420 2293; baseline -0.001 -25"><span class='ocrx_word' id='word_1_91' title='bbox 563 2199 722 2268; x_wconf 67' lang='lat' dir='ltr'><strong>Jan</strong></span> <span class='ocrx_word' id='word_1_92' title='bbox 767 2199 1001 2293; x_wconf 64' lang='lat' dir='ltr'><strong>hercle</strong></span> <span class='ocrx_word' id='word_1_93' title='bbox 1045 2199 1239 2284; x_wconf 77' lang='lat' dir='ltr'><strong>apud</strong></span> <span class='ocrx_word' id='word_1_94' title='bbox 1286 2219 1509 2264; x_wconf 72' lang='lat' dir='ltr'><strong>omues</strong></span> <span class='ocrx_word' id='word_1_95' title='bbox 1551 2204 2009 2286; x_wconf 72' lang='lat' dir='ltr'><strong>maqistratm</strong></span> <span class='ocrx_word' id='word_1_96' title='bbox 2035 2201 2227 2287; x_wconf 76' lang='lat' dir='ltr'><strong>faxo</strong></span> <span class='ocrx_word' id='word_1_97' title='bbox 2269 2205 2420 2266; x_wconf 77' lang='lat' dir='ltr'><strong>erit</strong></span> 
     </span>
     <span class='ocr_line' id='line_1_17' title="bbox 1918 2325 2416 2387; baseline 0.002 -7"><span class='ocrx_word' id='word_1_98' title='bbox 1918 2336 2156 2381; x_wconf 74' lang='lat' dir='ltr'><strong>nomem</strong></span> <span class='ocrx_word' id='word_1_99' title='bbox 2200 2325 2416 2387; x_wconf 75' lang='lat' dir='ltr'><strong>tuum,</strong></span> 
     </span>
    </p>
   </div>
   <div class='ocr_carea' id='block_1_7' title="bbox 383 2455 2425 3918">
    <p class='ocr_par' dir='ltr' id='par_1_8' title="bbox 383 2455 2425 3918">
     <span class='ocr_line' id='line_1_18' title="bbox 483 2455 2417 2545; baseline 0 -21"><span class='ocrx_word' id='word_1_100' title='bbox 483 2458 762 2545; x_wconf 83' lang='lat' dir='ltr'><strong>Impune</strong></span> <span class='ocrx_word' id='word_1_101' title='bbox 824 2469 970 2522; x_wconf 87' lang='lat' dir='ltr'><strong>erat</strong></span> <span class='ocrx_word' id='word_1_102' title='bbox 1030 2455 1300 2543; x_wconf 83' lang='lat' dir='ltr'><strong>legibus</strong></span> <span class='ocrx_word' id='word_1_103' title='bbox 1368 2456 1686 2524; x_wconf 84' lang='lat' dir='ltr'><strong>Romanis</strong></span> <span class='ocrx_word' id='word_1_104' title='bbox 1754 2471 2100 2545; x_wconf 87' lang='lat' dir='ltr'><strong>quaestum</strong></span> <span class='ocrx_word' id='word_1_105' title='bbox 2144 2480 2417 2545; x_wconf 82' lang='lat' dir='ltr'><strong>corpore</strong></span> 
     </span>
     <span class='ocr_line' id='line_1_19' title="bbox 475 2571 2415 2659; baseline 0 -21"><span class='ocrx_word' id='word_1_106' title='bbox 475 2573 696 2639; x_wconf 86' lang='lat' dir='ltr'><strong>facere</strong></span> <span class='ocrx_word' id='word_1_107' title='bbox 718 2618 740 2651; x_wconf 87' lang='lat'><strong>,</strong></span> <span class='ocrx_word' id='word_1_108' title='bbox 800 2571 1148 2637; x_wconf 87' lang='lat' dir='ltr'><strong>dummodo</strong></span> <span class='ocrx_word' id='word_1_109' title='bbox 1193 2572 1530 2657; x_wconf 80' lang='lat' dir='ltr'><strong>ejusmodi</strong></span> <span class='ocrx_word' id='word_1_110' title='bbox 1572 2571 1888 2638; x_wconf 88' lang='lat' dir='ltr'><strong>mulieres</strong></span> <span class='ocrx_word' id='word_1_111' title='bbox 1934 2572 2197 2637; x_wconf 89' lang='lat' dir='ltr'><strong>nomina</strong></span> <span class='ocrx_word' id='word_1_112' title='bbox 2240 2572 2415 2659; x_wconf 87' lang='lat' dir='ltr'><strong>apud</strong></span> 
     </span>
     <span class='ocr_line' id='line_1_20' title="bbox 473 2684 2415 2774; baseline -0.001 -21"><span class='ocrx_word' id='word_1_113' title='bbox 473 2686 754 2755; x_wconf 80' lang='lat' dir='ltr'><strong>Aediles</strong></span> <span class='ocrx_word' id='word_1_114' title='bbox 782 2726 833 2767; x_wconf 69' lang='lat'><strong>,·‹</strong></span> <span class='ocrx_word' id='word_1_115' title='bbox 891 2688 1135 2774; x_wconf 89' lang='lat' dir='ltr'><strong>quibus</strong></span> <span class='ocrx_word' id='word_1_116' title='bbox 1182 2684 1374 2755; x_wconf 80' lang='lat' dir='ltr'><strong>·tales</strong></span> <span class='ocrx_word' id='word_1_117' title='bbox 1441 2708 1704 2774; x_wconf 87' lang='lat' dir='ltr'><strong>quoque</strong></span> <span class='ocrx_word' id='word_1_118' title='bbox 1747 2708 1944 2753; x_wconf 87' lang='lat' dir='ltr'><strong>curae</strong></span> <span class='ocrx_word' id='word_1_119' title='bbox 1988 2685 2415 2751; x_wconf 77' lang='lat' dir='ltr'><strong>demandatae</strong></span> 
     </span>
     <span class='ocr_line' id='line_1_21' title="bbox 480 2782 2418 2889; baseline 0.001 -24"><span class='ocrx_word' id='word_1_120' title='bbox 480 2814 669 2866; x_wconf 86' lang='lat' dir='ltr'><strong>erant</strong></span> <span class='ocrx_word' id='word_1_121' title='bbox 691 2847 713 2881; x_wconf 99' lang='lat'><strong>,</strong></span> <span class='ocrx_word' id='word_1_122' title='bbox 780 2802 1282 2889; x_wconf 82' lang='lat' dir='ltr'><strong>profiterentur.</strong></span> <span class='ocrx_word' id='word_1_123' title='bbox 1318 2868 1324 2872; x_wconf 77' lang='grc'><strong>,</strong></span> <span class='ocrx_word' id='word_1_124' title='bbox 1375 2799 1458 2866; x_wconf 85' lang='lat' dir='ltr'><strong>Si</strong></span> <span class='ocrx_word' id='word_1_125' title='bbox 1500 2820 1629 2888; x_wconf 87' lang='lat' dir='ltr'><strong>qua</strong></span> <span class='ocrx_word' id='word_1_126' title='bbox 1670 2820 1828 2866; x_wconf 82' lang='lat' dir='ltr'><strong>vero</strong></span> <span class='ocrx_word' id='word_1_127' title='bbox 1868 2782 2171 2865; x_wconf 83' lang='lat' dir='ltr'><strong>venalem</strong></span> <span class='ocrx_word' id='word_1_128' title='bbox 2214 2795 2418 2867; x_wconf 73' lang='lat' dir='ltr'><strong>habe-</strong></span> 
     </span>
     <span class='ocr_line' id='line_1_22' title="bbox 475 2911 2416 3005; baseline -0.001 -26"><span class='ocrx_word' id='word_1_129' title='bbox 475 2914 593 2980; x_wconf 84' lang='lat' dir='ltr'><strong>bat</strong></span> <span class='ocrx_word' id='word_1_130' title='bbox 631 2915 1031 3005; x_wconf 76' lang='lat' dir='ltr'><strong>pudicitiam</strong></span> <span class='ocrx_word' id='word_1_131' title='bbox 1071 2929 1413 2995; x_wconf 82' lang='lat' dir='ltr'><strong>matrona,</strong></span> <span class='ocrx_word' id='word_1_132' title='bbox 1463 2937 1633 3003; x_wconf 89' lang='lat' dir='ltr'><strong>quae</strong></span> <span class='ocrx_word' id='word_1_133' title='bbox 1679 2927 1991 3004; x_wconf 80' lang='lat' dir='ltr'><strong>quaestus</strong></span> <span class='ocrx_word' id='word_1_134' title='bbox 2034 2911 2231 2978; x_wconf 89' lang='lat' dir='ltr'><strong>illius</strong></span> <span class='ocrx_word' id='word_1_135' title='bbox 2277 2925 2416 2978; x_wconf 86' lang='lat' dir='ltr'><strong>tur-</strong></span> 
     </span>
     <span class='ocr_line' id='line_1_23' title="bbox 480 3011 2418 3118; baseline -0.001 -23"><span class='ocrx_word' id='word_1_136' title='bbox 480 3030 858 3116; x_wconf 75' lang='lat' dir='ltr'><strong>pitudinem</strong></span> <span class='ocrx_word' id='word_1_137' title='bbox 898 3033 1204 3118; x_wconf 74' lang='lat' dir='ltr'><strong>professa</strong></span> <span class='ocrx_word' id='word_1_138' title='bbox 1265 3031 1441 3097; x_wconf 85' lang='lat' dir='ltr'><strong>haud</strong></span> <span class='ocrx_word' id='word_1_139' title='bbox 1487 3032 1707 3097; x_wconf 87' lang='lat' dir='ltr'><strong>fuerat</strong></span> <span class='ocrx_word' id='word_1_140' title='bbox 1733 3078 1755 3111; x_wconf 93' lang='lat'><strong>,</strong></span> <span class='ocrx_word' id='word_1_141' title='bbox 1838 3027 2186 3096; x_wconf 82' lang='lat' dir='ltr'><strong>Aedilium</strong></span> <span class='ocrx_word' id='word_1_142' title='bbox 2209 3011 2418 3111; x_wconf 83' lang='lat' dir='ltr'><strong>erat,</strong></span> 
     </span>
     <span class='ocr_line' id='line_1_24' title="bbox 480 3143 2421 3233; baseline -0.003 -22"><span class='ocrx_word' id='word_1_143' title='bbox 480 3143 672 3211; x_wconf 83' lang='lat' dir='ltr'><strong>illam</strong></span> <span class='ocrx_word' id='word_1_144' title='bbox 714 3145 1103 3212; x_wconf 71' lang='lat' dir='ltr'><strong>deferread</strong></span> <span class='ocrx_word' id='word_1_145' title='bbox 1145 3145 1461 3233; x_wconf 84' lang='lat' dir='ltr'><strong>populum</strong></span> <span class='ocrx_word' id='word_1_146' title='bbox 1489 3193 1510 3225; x_wconf 86' lang='lat'><strong>‚</strong></span> <span class='ocrx_word' id='word_1_147' title='bbox 1556 3148 1775 3231; x_wconf 83' lang='lat' dir='ltr'><strong>stupri</strong></span> <span class='ocrx_word' id='word_1_148' title='bbox 1820 3166 2134 3211; x_wconf 84' lang='lat' dir='ltr'><strong>accusare</strong></span> <span class='ocrx_word' id='word_1_149' title='bbox 2159 3190 2180 3223; x_wconf 92' lang='lat'><strong>,</strong></span> <span class='ocrx_word' id='word_1_150' title='bbox 2229 3143 2421 3219; x_wconf 80' lang='lat' dir='ltr'><strong>exsi-</strong></span> 
     </span>
     <span class='ocr_line' id='line_1_25' title="bbox 479 3256 2421 3350; baseline 0.001 -28"><span class='ocrx_word' id='word_1_151' title='bbox 479 3256 577 3324; x_wconf 90' lang='lat' dir='ltr'><strong>lio</strong></span> <span class='ocrx_word' id='word_1_152' title='bbox 614 3261 1334 3329; x_wconf 65' lang='lat' dir='ltr'><strong>mulctam-damnare.</strong></span> <span class='ocrx_word' id='word_1_153' title='bbox 1426 3260 1754 3350; x_wconf 80' lang='lat' dir='ltr'><strong>Exempla</strong></span> <span class='ocrx_word' id='word_1_154' title='bbox 1799 3261 2250 3328; x_wconf 82' lang='lat' dir='ltr'><strong>disertissima</strong></span> <span class='ocrx_word' id='word_1_155' title='bbox 2297 3277 2421 3327; x_wconf 83' lang='lat' dir='ltr'><strong>ex-</strong></span> 
     </span>
     <span class='ocr_line' id='line_1_26' title="bbox 483 3370 2423 3463; baseline 0.001 -25"><span class='ocrx_word' id='word_1_156' title='bbox 483 3385 664 3438; x_wconf 87' lang='lat' dir='ltr'><strong>stant</strong></span> <span class='ocrx_word' id='word_1_157' title='bbox 727 3377 899 3463; x_wconf 87' lang='lat' dir='ltr'><strong>apud</strong></span> <span class='ocrx_word' id='word_1_158' title='bbox 962 3377 1240 3444; x_wconf 83' lang='lat' dir='ltr'><strong>Livium</strong></span> <span class='ocrx_word' id='word_1_159' title='bbox 1283 3375 1378 3444; x_wconf 86' lang='lat' dir='ltr'><strong>X.</strong></span> <span class='ocrx_word' id='word_1_160' title='bbox 1432 3383 1509 3446; x_wconf 82' lang='lat'><strong>31</strong></span> <span class='ocrx_word' id='word_1_161' title='bbox 1538 3424 1561 3458; x_wconf 93' lang='lat'><strong>,</strong></span> <span class='ocrx_word' id='word_1_162' title='bbox 1632 3391 1698 3443; x_wconf 90' lang='lat' dir='ltr'><strong>et</strong></span> <span class='ocrx_word' id='word_1_163' title='bbox 1740 3373 1979 3442; x_wconf 87' lang='lat' dir='ltr'><strong>XXV.</strong></span> <span class='ocrx_word' id='word_1_164' title='bbox 2023 3380 2069 3440; x_wconf 83' lang='lat'><strong>2</strong></span> <span class='ocrx_word' id='word_1_165' title='bbox 2133 3372 2257 3439; x_wconf 86' lang='lat' dir='ltr'><strong>sub</strong></span> <span class='ocrx_word' id='word_1_166' title='bbox 2296 3370 2423 3439; x_wconf 70' lang='lat' dir='ltr'><strong>‘fin-</strong></span> 
     </span>
     <span class='ocr_line' id='line_1_27' title="bbox 425 3479 2425 3569; baseline 0.002 -21"><span class='ocrx_word' id='word_1_167' title='bbox 425 3540 429 3545; x_wconf 94' lang='lat'>.</span> <span class='ocrx_word' id='word_1_168' title='bbox 484 3486 577 3551; x_wconf 91' lang='lat' dir='ltr'><strong>cf.</strong></span> <span class='ocrx_word' id='word_1_169' title='bbox 631 3486 820 3553; x_wconf 85' lang='lat' dir='ltr'><strong>Suet.</strong></span> <span class='ocrx_word' id='word_1_170' title='bbox 869 3491 942 3555; x_wconf 90' lang='lat' dir='ltr'><strong>in</strong></span> <span class='ocrx_word' id='word_1_171' title='bbox 990 3491 1150 3558; x_wconf 86' lang='lat' dir='ltr'><strong>Tib.</strong></span> <span class='ocrx_word' id='word_1_172' title='bbox 1198 3516 1261 3559; x_wconf 85' lang='lat' dir='ltr'><strong>c.</strong></span> <span class='ocrx_word' id='word_1_173' title='bbox 1306 3496 1415 3559; x_wconf 83' lang='lat'><strong>35.</strong></span> <span class='ocrx_word' id='word_1_174' title='bbox 1502 3491 1539 3556; x_wconf 73' lang='grc'><strong>’»</strong></span> <span class='ocrx_word' id='word_1_175' title='bbox 1587 3493 1901 3558; x_wconf 84' lang='lat' dir='ltr'><strong>Feminae</strong></span> <span class='ocrx_word' id='word_1_176' title='bbox 1944 3479 2282 3569; x_wconf 85' lang='lat' dir='ltr'><strong>famosae,</strong></span> <span class='ocrx_word' id='word_1_177' title='bbox 2348 3500 2425 3553; x_wconf 89' lang='lat' dir='ltr'><strong>ut</strong></span> 
     </span>
     <span class='ocr_line' id='line_1_28' title="bbox 383 3593 2424 3695; baseline 0.001 -33"><span class='ocrx_word' id='word_1_178' title='bbox 383 3626 387 3631; x_wconf 94' lang='lat'><em>·</em></span> <span class='ocrx_word' id='word_1_179' title='bbox 484 3625 519 3662; x_wconf 71' lang='lat'><em>2</em></span> <span class='ocrx_word' id='word_1_180' title='bbox 566 3601 650 3665; x_wconf 89' lang='lat' dir='ltr'><strong>ad</strong></span> <span class='ocrx_word' id='word_1_181' title='bbox 715 3593 1069 3670; x_wconf 76' lang='lat' dir='ltr'><strong>evitandas</strong></span> <span class='ocrx_word' id='word_1_182' title='bbox 1135 3607 1361 3695; x_wconf 83' lang='lat' dir='ltr'><strong>legum</strong></span> <span class='ocrx_word' id='word_1_183' title='bbox 1423 3629 1673 3694; x_wconf 81' lang='lat' dir='ltr'><strong>poenas</strong></span> <span class='ocrx_word' id='word_1_184' title='bbox 1731 3609 1890 3692; x_wconf 80' lang='lat' dir='ltr'><strong>jure</strong></span> <span class='ocrx_word' id='word_1_185' title='bbox 1953 3627 2031 3671; x_wconf 90' lang='lat' dir='ltr'><strong>ac</strong></span> <span class='ocrx_word' id='word_1_186' title='bbox 2097 3604 2424 3693; x_wconf 77' lang='lat' dir='ltr'><strong>dignitate</strong></span> 
     </span>
     <span class='ocr_line' id='line_1_29' title="bbox 486 3714 2423 3805; baseline -0.001 -26"><span class='ocrx_word' id='word_1_187' title='bbox 486 3742 519 3779; x_wconf 67' lang='grc' dir='ltr'><strong><em>ι</em></strong></span> <span class='ocrx_word' id='word_1_188' title='bbox 560 3714 937 3783; x_wconf 61' lang='lat' dir='ltr'><strong>matronali*</strong></span> <span class='ocrx_word' id='word_1_189' title='bbox 1000 3719 1510 3787; x_wconf 83' lang='lat' dir='ltr'><strong>exsolverentur</strong></span> <span class='ocrx_word' id='word_1_190' title='bbox 1534 3768 1557 3802; x_wconf 91' lang='lat'><strong>,</strong></span> <span class='ocrx_word' id='word_1_191' title='bbox 1648 3720 2055 3787; x_wconf 85' lang='lat' dir='ltr'><strong>lenocinium</strong></span> <span class='ocrx_word' id='word_1_192' title='bbox 2116 3715 2423 3805; x_wconf 82' lang='lat' dir='ltr'><strong>profiteri</strong></span> 
     </span>
     <span class='ocr_line' id='line_1_30' title="bbox 477 3824 2417 3918; baseline 0.001 -27"><span class='ocrx_word' id='word_1_193' title='bbox 477 3856 510 3891; x_wconf 67' lang='lat'><em>2</em></span> <span class='ocrx_word' id='word_1_194' title='bbox 558 3834 986 3916; x_wconf 83' lang='lat' dir='ltr'><strong>coeperant.”</strong></span> <span class='ocrx_word' id='word_1_195' title='bbox 1070 3830 1253 3905; x_wconf 87' lang='lat' dir='ltr'><strong>Vide</strong></span> <span class='ocrx_word' id='word_1_196' title='bbox 1297 3824 1569 3913; x_wconf 79' lang='lat' dir='ltr'><strong>Ruhnk.</strong></span> <span class='ocrx_word' id='word_1_197' title='bbox 1617 3858 1680 3901; x_wconf 83' lang='lat' dir='ltr'><strong>a.</strong></span> <span class='ocrx_word' id='word_1_198' title='bbox 1726 3834 1797 3900; x_wconf 87' lang='lat' dir='ltr'><strong>h.</strong></span> <span class='ocrx_word' id='word_1_199' title='bbox 1842 3833 1894 3900; x_wconf 91' lang='lat' dir='ltr'><strong>l.</strong></span> <span class='ocrx_word' id='word_1_200' title='bbox 1983 3844 2018 3898; x_wconf 61' lang='grc' dir='ltr'><strong>ι’</strong></span> <span class='ocrx_word' id='word_1_201' title='bbox 2042 3826 2417 3918; x_wconf 78' lang='lat' dir='ltr'><strong>Apparet”‚&#39;</strong></span> 
     </span>
    </p>
   </div>
  </div>
 </body>
</html>
