2842 4767
1494 278 1588 352 11

608 520 880 614 Megad.
927 519 1240 587 Memini.
1287 517 1482 586 Eucl.
1515 517 1831 614 ⁸Atecio,
1874 537 2004 605 quo
2030 539 2147 586 voe
2166 523 2458 588 soleatis

586 721 593 726 ·
1501 640 1719 717 pacto
1749 634 2261 717 perplexur-ier
2282 657 2313 708 ,-

617 752 917 817 Pactum
961 770 1109 815 non.
1130 757 1416 834 pactum
1459 758 1618 828 est,
1689 765 1827 813 non
1861 756 2145 834 pactam
2176 758 2466 834 pactum

1368 847 1369 850 ¹
1493 870 1650 940 eet,
1696 863 1879 948 qaod
1919 861 2109 928 vobis
2139 862 2373 936 lubet.

528 1010 816 1095 Carpere
871 1008 1138 1072 videtur
1200 1004 1480 1071 Plautus
1528 1006 1661 1071 fori
1705 1010 2001 1093 argutias
2045 1008 2121 1070 in
2166 1008 2465 1094 quaesti-

530 1122 771 1188 onibus
820 1122 901 1186 de
946 1119 1495 1205 conventionibus
1523 1164 1569 1204 ,ἢ
1627 1132 1845 1183 utrum
1890 1122 1963 1184 in
2002 1117 2343 1207 pactorum
2387 1144 2470 1186 an

515 1239 588 1300 in
632 1234 1083 1301 contractuum
1103 1237 1446 1300 numerum
1493 1247 1721 1300 essent
1757 1234 2171 1301 referendae.
2264 1234 2462 1300 Obli-

529 1327 869 1437 gationum
913 1346 1089 1413 aliae
1136 1362 1324 1414 erant
1364 1350 1618 1414 civiles
1646 1395 1667 1429 ,
1761 1372 1927 1437 quae
1969 1372 2064 1430 ex
2111 1353 2468 1416 contracti-

527 1464 653 1528 bus
722 1462 1041 1528 oriundae
1070 1510 1091 1542 ‚
1182 1464 1513 1528 actionem
1549 1445 1961 1547 pariebant:
2046 1462 2219 1528 aliae
2285 1481 2472 1528 erant

533 1577 946 1668 naturales.
994 1578 1145 1641 sine
1190 1575 1454 1660 adjecta
1497 1570 1936 1668 stipulatione
1980 1573 2092 1637 vel
2137 1589 2475 1642 contractu

524 1693 743 1778 pactis
790 1690 991 1753 nudis
1038 1687 1368 1771 originem
1412 1706 1600 1749 suam
1644 1684 1960 1752 debentes
1988 1733 2008 1766 ‚
2092 1709 2182 1753 ex
2229 1691 2471 1774 quibus

530 1805 770 1889 primis
819 1798 1226 1885 temporibus
1292 1797 1551 1863 nullum
1586 1804 1703 1885 J’us
1734 1803 1784 1880 ,‘
1847 1798 2033 1864 nulla
2076 1804 2252 1867 actio
2298 1824 2473 1868 com-

526 1914 820 2001 petebat.
884 1911 1160 1981 Praetor
1201 1916 1491 2003 primum
1537 1916 2002 1999 exceptionem
2044 1918 2138 1980 iis
2184 1917 2470 1997 tribuit,

454 2084 459 2090 .
514 2030 598 2095 'et
666 2026 897 2092 Plauti
958 2047 1122 2090 aevo
1185 2026 1584 2116 quibusdam
1640 2032 1786 2113 jam
1850 2031 2175 2093 actionem
2219 2050 2472 2097 accom-

524 2140 924 2207 modaverat.
1014 2138 1162 2205 Hoc
1219 2151 1325 2205 est
1350 2187 1372 2219 ‚
1440 2139 1618 2227 quod
1657 2141 1993 2207 metuebat
2035 2142 2321 2223 Euclio,
2388 2132 2473 2213 ne

514 2251 779 2321 'nudum
819 2267 1084 2341 pactum
1111 2301 1131 2334 ‚
1226 2276 1355 2343 quo
1400 2253 1483 2319 de
1528 2255 1679 2320 dote
1721 2253 2105 2342 interillos
2150 2279 2474 2325 convene-

450 2439 457 2444 ,
525 2384 629 2437 rat
654 2417 675 2451 ,
726 2390 863 2442 non
897 2379 1186 2455 pactum
1233 2368 1618 2468 haberetur.

519 2490 525 2498 '
616 2481 755 2550 Cur
818 2498 1039 2550 autem
1097 2487 1208 2551 vis
1255 2481 1376 2549 sua
1416 2485 1637 2571 pactis
1681 2479 1884 2550 nudis
1930 2485 2224 2554 detracta
2267 2467 2477 2554 fuerit

516 2601 569 2665 'a
615 2595 933 2663 Romanis
963 2642 986 2677 ,
1077 2618 1311 2684 regum
1369 2602 1515 2683 jam
1583 2609 1655 2660 ut
1695 2597 1968 2666 videtur
2011 2600 2468 2686 temporibus,

531 2711 613 2777 ab
657 2709 816 2776 aliis
862 2711 997 2776 alio
1041 2732 1304 2798 semper
1344 2711 1538 2780 modo
1576 2712 1712 2777 fuit
1752 2710 2185 2797 disputatum.
2233 2715 2238 2720 '
2274 2711 2470 2778 Prin-

533 2824 754 2908 cipum
817 2825 1245 2913 quorumdam
1306 2828 1379 2889 in
1443 2824 1568 2890 hac
1626 2825 1929 2890 doctrina
1969 2827 2318 2912 opiniones
2364 2848 2472 2891 re-

529 2937 796 3003 censuit
840 2959 1021 3002 cons.
1071 2937 1156 3003 G.
1202 2937 1292 3005 A.
1339 2936 1568 3005 IJssel
1612 2938 1694 3004 de
1741 2938 2083 3026 Schepper
2114 2988 2136 3020 ‚
2208 2943 2282 3004 in
2327 2939 2468 3003 dis-

534 3063 698 3115 sert.
766 3050 959 3116 docta
1021 3051 1252 3138 inaug.
1322 3052 1404 3118 de
1474 3073 1685 3118 cauea
1750 3056 1832 3117 in
1871 3050 2466 3119 conventionibus.

536 3162 700 3252 Pag.
747 3170 824 3234 11
872 3153 1024 3254 sqq.
1071 3166 1156 3233 1..
1202 3163 1285 3236 B.
1333 3159 1568 3235 1834..
1615 3252 1620 3256 .

624 3336 722 3403 11.
790 3342 858 3402 4.
903 3358 1010 3402 vs.
1057 3343 1165 3412 38.

666 3477 886 3544 Homo
931 3481 1026 3545 ad
1062 3453 1474 3576 Praetorem
1515 3456 2083 3578 deplorabundue
2128 3451 2372 3550 uenit.-

672 3592 857 3674 Infit
901 3595 1004 3660 ibo·
1032 3600 1408 3682 postulare
1434 3646 1457 3680 ‚
1479 3602 1795 3685 plorans
1818 3646 1841 3678 ‚
1888 3600 2167 3683 ejulans
2191 3645 2211 3679 ,

668 3703 769 3770 Ut
806 3704 946 3794 eibi
992 3708 1251 3774 liceret
1288 3713 1573 3778 miluum
1617 3715 1969 3781 vadarier.

542 3848 705 3914 Post
748 3851 1077 3916 actionem
1120 3852 1201 3917 ab
1246 3866 1467 3921 actore
1492 3844 1784 3936 editamf,
1829 3875 1867 3921 a
1891 3854 2202 3922 Praetore
2216 3859 2468 3937 postu-
