2842 4767
1391 250 1498 325 22

468 498 653 585 gotio
695 495 864 560 alter
898 486 1110 581 -alteri
1154 508 1418 554 manum
1464 488 1773 556 dederit:
1811 517 1822 524 ·
1866 503 2121 576 spectat
2163 493 2287 560 hoe
2332 508 2398 561 et

466 608 808 678 confirmat
852 605 1075 672 Plaut.
1144 604 1198 670 l.
1244 603 1298 669 l.
1387 603 1484 670 Ut
1526 626 1686 672 vero
1726 602 1998 692 plenius
2045 629 2401 695 eogmosca·

446 697 574 790 ¹tur
640 734 935 787 veterum
1009 742 1086 785 ea
1153 719 1236 784 de
1291 741 1364 783 re
1406 720 1636 805 opinio
1661 766 1682 799 ,
1754 720 2073 807 quaedam
2116 744 2208 798 ex
2254 720 2401 788 cic.

465 836 673 902 Orat.—
719 855 840 921 pro
912 833 1117 901 Rosc.
1185 831 1415 898 Amer.
1484 856 1545 897 e.
1592 839 1702 899 38.
1767 834 1897 900 hue
1963 838 2398 903 transferam:

470 978 504 1028 ρ
550 947 636 1014 Ιιι
695 947 981 1035 privatis
1048 945 1249 1012 rebus
1275 991 1298 1025 ,
1390 948 1456 1009 si
1520 946 1640 1033 qui
1682 968 1820 1013 rem
1861 948 2231 1013 mandatam
2272 970 2403 1014 non

464 1063 656 1130 modo
742 1060 1155 1128 malitiosius
1241 1062 1577 1147 gessisset
1603 1106 1625 1140 ,
1721 1063 1833 1127 sui
1911 1075 2227 1150 quaestus
2295 1075 2410 1128 aut

465 1176 788 1244 commodi
855 1196 1054 1241 causa
1078 1220 1100 1255 ,
1164 1195 1392 1239 verum
1438 1174 1638 1239 etiam
1680 1169 2138 1262 negligentius
2164 1223 2185 1256 ,
2259 1197 2406 1243 eum

463 1298 751 1380 majores
798 1311 1118 1357 summum
1163 1289 1522 1355 admisisse
1568 1289 1854 1376 dedecus
1902 1289 2401 1357 existimabant.

469 1407 709 1495 Itaque
772 1405 1086 1471 mandati
1154 1406 1590 1470 constitutum
1655 1417 1759 1470 est
1808 1404 2143 1491 judicium
2166 1447 2188 1485 ‚
2277 1425 2408 1469 non

468 1522 688 1586 minus
782 1533 975 1606 turpe
999 1565 1021 1599 ,
1114 1539 1309 1605 quam
1399 1519 1616 1585 furti.
1731 1518 1924 1585 credo
2012 1531 2361 1610 propterea
2380 1561 2404 1597 ‚

473 1635 650 1724 quod
672 1680 696 1716 ‚
786 1633 1027 1722 quibus
1073 1635 1147 1697 in
1192 1632 1391 1698 rebus
1439 1634 1579 1718 ipsi
1625 1635 1955 1699 interesse
1997 1655 2128 1698 non
2170 1654 2407 1745 possu-

448 1719 618 1818 emus
645 1796 668 1832 ,
717 1751 790 1813 in
832 1747 944 1813 his
990 1768 1227 1832 operae
1272 1758 1539 1810 nostrae
1581 1749 1838 1812 vicaria
1862 1790 1886 1829 ,
1948 1744 2119 1828 fides
2164 1741 2406 1813 amico-

451 1886 619 1954 νι·ιιιιι
663 1863 1096 1954 supponitur.
1171 1882 1366 1956 quam
1414 1863 1534 1949 qui
1575 1860 1835 1940 laedit,
1895 1877 2228 1949 oppugnat
2269 1883 2406 1928 om·-

472 1982 659 2044 nium
702 1997 1039 2044 commune
1078 1975 1495 2063 praesidium
1512 2020 1537 2053 ‚
1602 1987 1669 2038 et
1694 2018 1715 2053 ‚
1786 1987 2099 2082 quantum
2140 1979 2214 2042 in
2257 1979 2408 2065 ipso
2439 1990 2452 2004 “

474 2105 631 2173 est,
678 2090 1010 2157 disturbat
1050 2090 1230 2154 vitae
1272 2088 1739 2152 societatem?

554 2261 702 2342 4111.
752 2264 816 2324 1.
860 2281 966 2324 vs.
1013 2260 1122 2324 15.

1029 2410 1167 2466 tam
1208 2409 1457 2487 aperto
1502 2406 1738 2488 capite
1783 2400 1878 2467 ad
1918 2400 2147 2465 leones
2191 2410 2403 2481 eunt,

572 2513 786 2592 Quam
847 2522 927 2590 in
991 2516 1185 2607 tribu
1212 2560 1219 2568 «
1246 2526 1495 2603 aperto
1540 2520 1778 2604 capito
1822 2521 2055 2586 contet
2098 2514 2405 2581 condem-

2000 2637 2180 2696 nant
2220 2650 2403 2694 reos.

448 2791 775 2862 „flubium
819 2795 926 2857 est
946 2837 970 2872 ‚
1036 2803 1257 2857 utrum
1300 2791 1426 2857 hoe
1470 2793 1553 2857 de
1585 2790 1803 2858 multa
1844 2781 2213 2880 infligenda
2232 2837 2254 2872 ,
2323 2809 2407 2857 an

479 2908 562 2974 de
606 2903 847 2992 eapitis
884 2905 1149 2993 judicio
1192 2904 1710 2995 intelligendum
1767 2909 1903 2974 sit:
1972 2909 2269 2996 ineptum
2313 2919 2410 2972 ta-

477 3042 629 3088 men
693 3042 824 3086 non
890 3033 998 3086 est
1061 3032 1354 3087 statuere
1379 3067 1401 3102 ,
1495 3017 1798 3090 tribunos
1831 3017 1961 3110 pl.
1999 3029 2142 3110 jam
2184 3021 2412 3086 Plauti

481 3148 701 3203 aetate
805 3134 1133 3221 pristinae
1219 3137 1574 3223 potestatis
1667 3139 1983 3203 terminos
2072 3147 2413 3221 tantopere

484 3270 790 3338 egressos
846 3249 1065 3315 fuisse
1091 3297 1113 3330 ,
1181 3265 1259 3316 nt
1301 3251 1381 3317 de
1428 3254 1648 3339 capite
1694 3253 1866 3316 eivis
1912 3250 1993 3314 ad
2035 3248 2297 3336 plebem
2340 3251 2414 3315 in

466 3367 628 3430 <suis
695 3363 987 3430 comitiis
1033 3362 1428 3434 retulerint:
1504 3369 1602 3432 cf.
1642 3366 1820 3430 infra
1862 3364 1947 3429 ad
1991 3363 2180 3430 Men.
2224 3357 2408 3430 4.'2.

483 3480 594 3543 19.
683 3477 1006 3564 Polybius
1052 3476 1292 3544 saltem
1319 3526 1340 3559 ,
1411 3482 1528 3566 qui
1572 3480 1865 3545 nundin
1906 3492 2062 3566 post
2103 3478 2415 3547 Plautum

482 3590 748 3669 floruit,
795 3594 953 3660 Lib.
998 3593 1132 3661 VI.
1178 3598 1286 3660 14.
1335 3592 1758 3660 disertehoe
1801 3594 1884 3660 de
1928 3592 2234 3661 tribubus
2261 3607 2415 3661 tes-

451 3706 704 3771 tatur:
765 3710 880 3779 τοῖς
935 3715 1038 3786 γὰρ
1089 3711 1310 3773 θανάτου
1338 3713 1675 3787 κρινομένοις,
1730 3710 1867 3773 ἐστὶν
1917 3710 2410 3786 καταδικάξωνναι,

483 3819 650 3882 δίδωσι
697 3825 792 3889 τῆν
840 3815 1076 3893 ἐξουσίαν
1130 3828 1197 3884 τῦ
1253 3820 1376 3900 παρ’
1413 3823 1602 3897 ania-ok
1642 3809 1975 3901 (Ῥωμαῖοἳς)
2028 3823 2196 3893 ἕθθςιῐ
2223 3817 2410 3881 5⁸20*
