<?xml version="1.0" encoding="UTF-8"?>
<!DOCTYPE html PUBLIC "-//W3C//DTD XHTML 1.0 Transitional//EN"
    "http://www.w3.org/TR/xhtml1/DTD/xhtml1-transitional.dtd">
<html xmlns="http://www.w3.org/1999/xhtml" xml:lang="en" lang="en">
 <head>
  <title>
</title>
<meta http-equiv="Content-Type" content="text/html;charset=utf-8" />
  <meta name='ocr-system' content='tesseract 3.04.00' />
  <meta name='ocr-capabilities' content='ocr_page ocr_carea ocr_par ocr_line ocrx_word'/>
</head>
<body>
  <div class='ocr_page' id='page_1' title='image "./specimenjuridic00romegoog_0047.png"; bbox 0 0 2842 4767; ppageno 0'>
   <div class='ocr_carea' id='block_1_1' title="bbox 1451 251 1557 330">
    <p class='ocr_par' dir='ltr' id='par_1_1' title="bbox 1451 251 1557 330">
     <span class='ocr_line' id='line_1_1' title="bbox 1451 251 1557 330; baseline -0.009 0"><span class='ocrx_word' id='word_1_1' title='bbox 1451 251 1557 330; x_wconf 74' lang='lat'><strong>55</strong></span> 
     </span>
    </p>
   </div>
   <div class='ocr_carea' id='block_1_2' title="bbox 510 485 2544 3446">
    <p class='ocr_par' dir='ltr' id='par_1_2' title="bbox 510 485 2544 3446">
     <span class='ocr_line' id='line_1_2' title="bbox 518 485 2445 584; baseline 0.003 -26"><span class='ocrx_word' id='word_1_2' title='bbox 518 497 661 559; x_wconf 84' lang='lat' dir='ltr'><strong>nisi</strong></span> <span class='ocrx_word' id='word_1_3' title='bbox 747 493 949 580; x_wconf 75' lang='lat' dir='ltr'><strong>hujus</strong></span> <span class='ocrx_word' id='word_1_4' title='bbox 1036 487 1270 581; x_wconf 51' lang='lat' dir='ltr'><strong>poetae</strong></span> <span class='ocrx_word' id='word_1_5' title='bbox 1336 489 1736 560; x_wconf 79' lang='lat' dir='ltr'><strong>auctoritate</strong></span> <span class='ocrx_word' id='word_1_6' title='bbox 1798 485 2102 562; x_wconf 76' lang='lat' dir='ltr'><strong>nituntur</strong></span> <span class='ocrx_word' id='word_1_7' title='bbox 2117 489 2151 574; x_wconf 70' lang='lat'><strong>²,</strong></span> <span class='ocrx_word' id='word_1_8' title='bbox 2223 519 2445 584; x_wconf 70' lang='lat' dir='ltr'><strong>·quae⁴</strong></span> 
     </span>
     <span class='ocr_line' id='line_1_3' title="bbox 522 603 2437 696; baseline 0.003 -24"><span class='ocrx_word' id='word_1_9' title='bbox 522 631 653 696; x_wconf 87' lang='lat' dir='ltr'><strong>que</strong></span> <span class='ocrx_word' id='word_1_10' title='bbox 743 609 1018 689; x_wconf 83' lang='lat' dir='ltr'><strong>dubito,</strong></span> <span class='ocrx_word' id='word_1_11' title='bbox 1108 623 1326 675; x_wconf 83' lang='lat' dir='ltr'><strong>utrum</strong></span> <span class='ocrx_word' id='word_1_12' title='bbox 1403 612 1584 696; x_wconf 79' lang='lat' dir='ltr'><strong>juris</strong></span> <span class='ocrx_word' id='word_1_13' title='bbox 1679 603 1868 676; x_wconf 45' lang='lat' dir='ltr'><strong>esse*</strong></span> <span class='ocrx_word' id='word_1_14' title='bbox 1912 611 2191 676; x_wconf 77' lang='lat' dir='ltr'><strong>dicenda</strong></span> <span class='ocrx_word' id='word_1_15' title='bbox 2252 615 2437 692; x_wconf 89' lang='lat' dir='ltr'><strong>sint,</strong></span> 
     </span>
     <span class='ocr_line' id='line_1_4' title="bbox 521 722 2544 813; baseline 0.002 -28"><span class='ocrx_word' id='word_1_16' title='bbox 521 743 606 786; x_wconf 87' lang='lat' dir='ltr'><strong>an</strong></span> <span class='ocrx_word' id='word_1_17' title='bbox 668 726 892 808; x_wconf 89' lang='lat' dir='ltr'><strong>potius</strong></span> <span class='ocrx_word' id='word_1_18' title='bbox 961 724 1043 789; x_wconf 85' lang='lat' dir='ltr'><strong>ab</strong></span> <span class='ocrx_word' id='word_1_19' title='bbox 1109 727 1289 789; x_wconf 87' lang='lat' dir='ltr'><strong>omni</strong></span> <span class='ocrx_word' id='word_1_20' title='bbox 1347 728 1533 813; x_wconf 79' lang='lat' dir='ltr'><strong>juris</strong></span> <span class='ocrx_word' id='word_1_21' title='bbox 1577 725 1848 790; x_wconf 90' lang='lat' dir='ltr'><strong>notione</strong></span> <span class='ocrx_word' id='word_1_22' title='bbox 1889 727 2184 789; x_wconf 83' lang='lat' dir='ltr'><strong>maxime</strong></span> <span class='ocrx_word' id='word_1_23' title='bbox 2227 722 2447 791; x_wconf 86' lang='lat' dir='ltr'><strong>aliena</strong></span> <span class='ocrx_word' id='word_1_24' title='bbox 2536 732 2544 739; x_wconf 81' lang='grc'><em>“</em></span> 
     </span>
     <span class='ocr_line' id='line_1_5' title="bbox 515 838 2449 923; baseline 0.001 -21"><span class='ocrx_word' id='word_1_25' title='bbox 515 841 954 923; x_wconf 79' lang='lat' dir='ltr'><strong>pronunciare</strong></span> <span class='ocrx_word' id='word_1_26' title='bbox 1019 840 1292 907; x_wconf 80' lang='lat' dir='ltr'>debeam</span> <span class='ocrx_word' id='word_1_27' title='bbox 1319 887 1339 920; x_wconf 91' lang='lat'><strong><em>‚</em></strong></span> <span class='ocrx_word' id='word_1_28' title='bbox 1409 853 1475 906; x_wconf 91' lang='lat' dir='ltr'><strong>et</strong></span> <span class='ocrx_word' id='word_1_29' title='bbox 1541 843 1828 905; x_wconf 78' lang='lat' dir='ltr'><strong>comicae</strong></span> <span class='ocrx_word' id='word_1_30' title='bbox 1871 838 2191 905; x_wconf 78' lang='lat' dir='ltr'>licentiae</span> <span class='ocrx_word' id='word_1_31' title='bbox 2235 840 2449 904; x_wconf 83' lang='lat' dir='ltr'><strong>tribu-</strong></span> 
     </span>
     <span class='ocr_line' id='line_1_6' title="bbox 517 951 2452 1034; baseline 0.002 -20"><span class='ocrx_word' id='word_1_32' title='bbox 517 951 707 1016; x_wconf 86' lang='lat' dir='ltr'><strong>enda.</strong></span> <span class='ocrx_word' id='word_1_33' title='bbox 768 953 972 1017; x_wconf 86' lang='lat' dir='ltr'><strong>·Nam</strong></span> <span class='ocrx_word' id='word_1_34' title='bbox 1037 967 1113 1018; x_wconf 83' lang='lat' dir='ltr'><strong>ut</strong></span> <span class='ocrx_word' id='word_1_35' title='bbox 1165 956 1475 1034; x_wconf 84' lang='lat' dir='ltr'><strong>mittam,</strong></span> <span class='ocrx_word' id='word_1_36' title='bbox 1546 954 1747 1019; x_wconf 80' lang='lat' dir='ltr'><strong>Asin.</strong></span> <span class='ocrx_word' id='word_1_37' title='bbox 1791 959 1860 1019; x_wconf 85' lang='lat'><strong>2.</strong></span> <span class='ocrx_word' id='word_1_38' title='bbox 1904 959 1976 1020; x_wconf 88' lang='grc'><strong>4.</strong></span> <span class='ocrx_word' id='word_1_39' title='bbox 2018 958 2154 1019; x_wconf 79' lang='grc'><strong>74.-</strong></span> <span class='ocrx_word' id='word_1_40' title='bbox 2188 971 2452 1018; x_wconf 84' lang='lat' dir='ltr'><strong>servum</strong></span> 
     </span>
     <span class='ocr_line' id='line_1_7' title="bbox 517 1067 2451 1156; baseline 0.003 -28"><span class='ocrx_word' id='word_1_41' title='bbox 517 1067 590 1128; x_wconf 90' lang='lat' dir='ltr'><strong>in</strong></span> <span class='ocrx_word' id='word_1_42' title='bbox 626 1072 745 1152; x_wconf 86' lang='lat' dir='ltr'><strong>jus</strong></span> <span class='ocrx_word' id='word_1_43' title='bbox 790 1072 1065 1148; x_wconf 81' lang='lat' dir='ltr'><strong>vocari,</strong></span> <span class='ocrx_word' id='word_1_44' title='bbox 1125 1069 1464 1156; x_wconf 77' lang='lat' dir='ltr'><strong>(quoniam</strong></span> <span class='ocrx_word' id='word_1_45' title='bbox 1511 1070 1637 1134; x_wconf 90' lang='lat' dir='ltr'><strong>hoc</strong></span> <span class='ocrx_word' id='word_1_46' title='bbox 1679 1071 1981 1135; x_wconf 85' lang='lat' dir='ltr'><strong>fortasse·</strong></span> <span class='ocrx_word' id='word_1_47' title='bbox 2010 1091 2099 1133; x_wconf 84' lang='lat' dir='ltr'><strong>ex</strong></span> <span class='ocrx_word' id='word_1_48' title='bbox 2139 1070 2451 1155; x_wconf 86' lang='lat' dir='ltr'><strong>proxime</strong></span> 
     </span>
     <span class='ocr_line' id='line_1_8' title="bbox 514 1181 2452 1269; baseline 0.003 -25"><span class='ocrx_word' id='word_1_49' title='bbox 514 1181 942 1266; x_wconf 79' lang='lat' dir='ltr'><strong>praecedenti</strong></span> <span class='ocrx_word' id='word_1_50' title='bbox 986 1203 1185 1248; x_wconf 82' lang='lat' dir='ltr'><strong>versu</strong></span> <span class='ocrx_word' id='word_1_51' title='bbox 1230 1182 1747 1269; x_wconf 86' lang='lat' dir='ltr'><strong>intelligendum</strong></span> <span class='ocrx_word' id='word_1_52' title='bbox 1792 1195 1943 1262; x_wconf 70' lang='lat' dir='ltr'><strong>est3</strong></span> <span class='ocrx_word' id='word_1_53' title='bbox 1991 1206 2067 1247; x_wconf 89' lang='lat' dir='ltr'><strong>ac</strong></span> <span class='ocrx_word' id='word_1_54' title='bbox 2112 1185 2177 1248; x_wconf 87' lang='lat' dir='ltr'><strong>si</strong></span> <span class='ocrx_word' id='word_1_55' title='bbox 2225 1184 2452 1250; x_wconf 85' lang='lat' dir='ltr'><strong>dixis-</strong></span> 
     </span>
     <span class='ocr_line' id='line_1_9' title="bbox 514 1293 2456 1378; baseline 0.002 -19"><span class='ocrx_word' id='word_1_56' title='bbox 514 1308 620 1361; x_wconf 83' lang='lat' dir='ltr'><strong>set</strong></span> <span class='ocrx_word' id='word_1_57' title='bbox 662 1293 1041 1362; x_wconf 79' lang='lat' dir='ltr'><strong>Mercator:</strong></span> <span class='ocrx_word' id='word_1_58' title='bbox 1110 1318 1273 1363; x_wconf 81' lang='lat' dir='ltr'><strong>voco</strong></span> <span class='ocrx_word' id='word_1_59' title='bbox 1318 1310 1385 1362; x_wconf 89' lang='lat' dir='ltr'><strong>te</strong></span> <span class='ocrx_word' id='word_1_60' title='bbox 1429 1298 1513 1362; x_wconf 84' lang='lat' dir='ltr'><strong>ad</strong></span> <span class='ocrx_word' id='word_1_61' title='bbox 1556 1297 2032 1363; x_wconf 81' lang='lat' dir='ltr'><strong>Demaenetum</strong></span> <span class='ocrx_word' id='word_1_62' title='bbox 2058 1345 2078 1378; x_wconf 92' lang='lat'>‚</span> <span class='ocrx_word' id='word_1_63' title='bbox 2128 1297 2331 1362; x_wconf 88' lang='lat' dir='ltr'><strong>simul</strong></span> <span class='ocrx_word' id='word_1_64' title='bbox 2376 1321 2456 1363; x_wconf 89' lang='lat' dir='ltr'><strong>ac</strong></span> 
     </span>
     <span class='ocr_line' id='line_1_10' title="bbox 513 1412 2450 1500; baseline 0.003 -27"><span class='ocrx_word' id='word_1_65' title='bbox 513 1431 974 1497; x_wconf 83' lang='lat' dir='ltr'><strong>conspexero,</strong></span> <span class='ocrx_word' id='word_1_66' title='bbox 1026 1415 1145 1499; x_wconf 84' lang='lat' dir='ltr'><strong>qui</strong></span> <span class='ocrx_word' id='word_1_67' title='bbox 1189 1414 1365 1478; x_wconf 89' lang='lat' dir='ltr'><strong>inter</strong></span> <span class='ocrx_word' id='word_1_68' title='bbox 1407 1435 1529 1477; x_wconf 88' lang='lat' dir='ltr'><strong>nos</strong></span> <span class='ocrx_word' id='word_1_69' title='bbox 1569 1418 1688 1498; x_wconf 86' lang='lat' dir='ltr'><strong>jus</strong></span> <span class='ocrx_word' id='word_1_70' title='bbox 1736 1414 1918 1477; x_wconf 83' lang='lat' dir='ltr'><strong>dicet</strong></span> <span class='ocrx_word' id='word_1_71' title='bbox 1945 1459 1965 1492; x_wconf 88' lang='lat'>‚</span> <span class='ocrx_word' id='word_1_72' title='bbox 2013 1436 2088 1478; x_wconf 88' lang='lat' dir='ltr'><strong>ac</strong></span> <span class='ocrx_word' id='word_1_73' title='bbox 2137 1412 2219 1477; x_wconf 93' lang='lat' dir='ltr'><strong>ob</strong></span> <span class='ocrx_word' id='word_1_74' title='bbox 2266 1417 2450 1500; x_wconf 86' lang='lat' dir='ltr'><strong>inju-</strong></span> 
     </span>
     <span class='ocr_line' id='line_1_11' title="bbox 514 1523 2448 1613; baseline 0.002 -24"><span class='ocrx_word' id='word_1_75' title='bbox 514 1524 678 1589; x_wconf 79' lang='lat' dir='ltr'><strong>riam</strong></span> <span class='ocrx_word' id='word_1_76' title='bbox 728 1523 986 1590; x_wconf 87' lang='lat' dir='ltr'><strong>illatam</strong></span> <span class='ocrx_word' id='word_1_77' title='bbox 1031 1524 1438 1610; x_wconf 86' lang='lat' dir='ltr'><strong>supplicium</strong></span> <span class='ocrx_word' id='word_1_78' title='bbox 1482 1524 1655 1586; x_wconf 89' lang='lat' dir='ltr'><strong>mihi</strong></span> <span class='ocrx_word' id='word_1_79' title='bbox 1699 1523 1781 1587; x_wconf 82' lang='lat' dir='ltr'><strong>de</strong></span> <span class='ocrx_word' id='word_1_80' title='bbox 1828 1530 2014 1610; x_wconf 84' lang='lat' dir='ltr'><strong>te&#39;rgo</strong></span> <span class='ocrx_word' id='word_1_81' title='bbox 2059 1539 2172 1589; x_wconf 87' lang='lat' dir='ltr'><strong>tuo</strong></span> <span class='ocrx_word' id='word_1_82' title='bbox 2196 1526 2448 1613; x_wconf 65' lang='lat' dir='ltr'><strong>dnbio:</strong></span> 
     </span>
     <span class='ocr_line' id='line_1_12' title="bbox 519 1631 2454 1706; baseline 0.002 -3"><span class='ocrx_word' id='word_1_83' title='bbox 519 1640 641 1704; x_wconf 80' lang='lat' dir='ltr'><strong>sed</strong></span> <span class='ocrx_word' id='word_1_84' title='bbox 685 1639 915 1703; x_wconf 83' lang='lat' dir='ltr'><strong>eodem</strong></span> <span class='ocrx_word' id='word_1_85' title='bbox 957 1660 1155 1703; x_wconf 83' lang='lat' dir='ltr'><strong>versu</strong></span> <span class='ocrx_word' id='word_1_86' title='bbox 1197 1638 1447 1703; x_wconf 82' lang='lat' dir='ltr'><strong>verba:</strong></span> <span class='ocrx_word' id='word_1_87' title='bbox 1534 1647 1859 1704; x_wconf 81' lang='lat' dir='ltr'><strong>memento</strong></span> <span class='ocrx_word' id='word_1_88' title='bbox 1883 1631 1990 1688; x_wconf 72' lang='grc'><strong>’--</strong></span> <span class='ocrx_word' id='word_1_89' title='bbox 2030 1645 2300 1705; x_wconf 73' lang='lat' dir='ltr'><strong>memini</strong></span> <span class='ocrx_word' id='word_1_90' title='bbox 2346 1662 2454 1706; x_wconf 87' lang='lat' dir='ltr'><strong>sa·-</strong></span> 
     </span>
     <span class='ocr_line' id='line_1_13' title="bbox 516 1748 2458 1848; baseline 0.001 -31"><span class='ocrx_word' id='word_1_91' title='bbox 516 1757 612 1817; x_wconf 81' lang='lat' dir='ltr'><strong>tis</strong></span> <span class='ocrx_word' id='word_1_92' title='bbox 659 1752 1007 1831; x_wconf 83' lang='lat' dir='ltr'><strong>indicant,</strong></span> <span class='ocrx_word' id='word_1_93' title='bbox 1075 1748 1518 1843; x_wconf 86' lang='lat' dir='ltr'><strong>Mercatorem</strong></span> <span class='ocrx_word' id='word_1_94' title='bbox 1563 1755 1786 1839; x_wconf 88' lang='lat' dir='ltr'><strong>ipsum</strong></span> <span class='ocrx_word' id='word_1_95' title='bbox 1828 1752 2023 1817; x_wconf 89' lang='lat' dir='ltr'><strong>illum</strong></span> <span class='ocrx_word' id='word_1_96' title='bbox 2052 1800 2073 1833; x_wconf 86' lang='lat'>‚</span> <span class='ocrx_word' id='word_1_97' title='bbox 2113 1774 2340 1848; x_wconf 60' lang='lat' dir='ltr'><strong>ouem</strong></span> <span class='ocrx_word' id='word_1_98' title='bbox 2385 1757 2458 1819; x_wconf 82' lang='lat' dir='ltr'><strong>in</strong></span> 
     </span>
     <span class='ocr_line' id='line_1_14' title="bbox 510 1855 2454 1958; baseline 0.003 -29"><span class='ocrx_word' id='word_1_99' title='bbox 510 1872 628 1953; x_wconf 78' lang='lat' dir='ltr'><strong>jus</strong></span> <span class='ocrx_word' id='word_1_100' title='bbox 673 1877 1067 1945; x_wconf 83' lang='lat' dir='ltr'><strong>vocaverat,</strong></span> <span class='ocrx_word' id='word_1_101' title='bbox 1138 1878 1376 1934; x_wconf 84' lang='lat' dir='ltr'><strong>testem</strong></span> <span class='ocrx_word' id='word_1_102' title='bbox 1420 1868 1673 1932; x_wconf 75' lang='lat' dir='ltr'><strong>fecisse</strong></span> <span class='ocrx_word' id='word_1_103' title='bbox 1701 1914 1723 1946; x_wconf 84' lang='lat'>‚</span> <span class='ocrx_word' id='word_1_104' title='bbox 1794 1855 1967 1955; x_wconf 61' lang='lat' dir='ltr'><strong>quod</strong></span> <span class='ocrx_word' id='word_1_105' title='bbox 2013 1856 2091 1933; x_wconf 81' lang='lat' dir='ltr'><strong>eo</strong></span> <span class='ocrx_word' id='word_1_106' title='bbox 2137 1857 2213 1934; x_wconf 80' lang='lat' dir='ltr'><strong>se</strong></span> <span class='ocrx_word' id='word_1_107' title='bbox 2257 1873 2454 1958; x_wconf 85' lang='lat' dir='ltr'><strong>sequi</strong></span> 
     </span>
     <span class='ocr_line' id='line_1_15' title="bbox 518 1967 2497 2069; baseline 0.002 -23"><span class='ocrx_word' id='word_1_108' title='bbox 518 1980 853 2047; x_wconf 87' lang='lat' dir='ltr'><strong>noluerat:</strong></span> <span class='ocrx_word' id='word_1_109' title='bbox 903 1980 1005 2067; x_wconf 88' lang='lat'><strong>(5)</strong></span> <span class='ocrx_word' id='word_1_110' title='bbox 1050 1983 1170 2069; x_wconf 86' lang='lat' dir='ltr'><strong>qui</strong></span> <span class='ocrx_word' id='word_1_111' title='bbox 1214 2003 1452 2046; x_wconf 82' lang='lat' dir='ltr'><strong>versus</strong></span> <span class='ocrx_word' id='word_1_112' title='bbox 1500 1967 1729 2047; x_wconf 29' lang='lat' dir='ltr'><strong>tamen*</strong></span> <span class='ocrx_word' id='word_1_113' title='bbox 1757 2005 1878 2069; x_wconf 85' lang='lat' dir='ltr'><strong>per</strong></span> <span class='ocrx_word' id='word_1_114' title='bbox 1921 2005 1996 2047; x_wconf 88' lang='lat' dir='ltr'><strong>se</strong></span> <span class='ocrx_word' id='word_1_115' title='bbox 2021 1982 2204 2049; x_wconf 85' lang='lat' dir='ltr'><strong>solus</strong></span> <span class='ocrx_word' id='word_1_116' title='bbox 2233 1977 2497 2050; x_wconf 61' lang='lat' dir='ltr'><strong>incer-‘</strong></span> 
     </span>
     <span class='ocr_line' id='line_1_16' title="bbox 517 2095 2453 2185; baseline -0.001 -20"><span class='ocrx_word' id='word_1_117' title='bbox 517 2114 620 2165; x_wconf 90' lang='lat' dir='ltr'><strong>tos</strong></span> <span class='ocrx_word' id='word_1_118' title='bbox 677 2100 918 2164; x_wconf 89' lang='lat' dir='ltr'><strong>merito</strong></span> <span class='ocrx_word' id='word_1_119' title='bbox 960 2118 1078 2163; x_wconf 88' lang='lat' dir='ltr'><strong>nos</strong></span> <span class='ocrx_word' id='word_1_120' title='bbox 1133 2095 1520 2185; x_wconf 86' lang='lat' dir='ltr'><strong>linqueret,</strong></span> <span class='ocrx_word' id='word_1_121' title='bbox 1591 2097 1733 2162; x_wconf 87' lang='lat' dir='ltr'><strong>nisi</strong></span> <span class='ocrx_word' id='word_1_122' title='bbox 1775 2095 2030 2161; x_wconf 72' lang='lat' dir='ltr'><strong>‹luobu-</strong></span> <span class='ocrx_word' id='word_1_123' title='bbox 2076 2097 2237 2162; x_wconf 88' lang='lat' dir='ltr'><strong>aliis</strong></span> <span class='ocrx_word' id='word_1_124' title='bbox 2283 2098 2453 2165; x_wconf 77' lang='lat' dir='ltr'><strong>locis</strong></span> 
     </span>
     <span class='ocr_line' id='line_1_17' title="bbox 517 2197 2447 2304; baseline 0.001 -28"><span class='ocrx_word' id='word_1_125' title='bbox 517 2213 799 2278; x_wconf 76' lang='lat' dir='ltr'><strong>dIsertis</strong></span> <span class='ocrx_word' id='word_1_126' title='bbox 843 2214 916 2276; x_wconf 90' lang='lat' dir='ltr'><strong>in</strong></span> <span class='ocrx_word' id='word_1_127' title='bbox 961 2212 1190 2304; x_wconf 80' lang='lat' dir='ltr'><strong>eodem</strong></span> <span class='ocrx_word' id='word_1_128' title='bbox 1231 2211 1716 2277; x_wconf 83' lang='lat' dir='ltr'><strong>offenderemus</strong></span> <span class='ocrx_word' id='word_1_129' title='bbox 1735 2197 1766 2290; x_wconf 61' lang='grc'><strong>,’</strong></span> <span class='ocrx_word' id='word_1_130' title='bbox 1807 2212 1991 2297; x_wconf 88' lang='lat' dir='ltr'><strong>ipsos</strong></span> <span class='ocrx_word' id='word_1_131' title='bbox 2039 2209 2195 2275; x_wconf 85' lang='lat' dir='ltr'><strong>scil.</strong></span> <span class='ocrx_word' id='word_1_132' title='bbox 2241 2214 2447 2298; x_wconf 75' lang='lat' dir='ltr'><strong>injus</strong></span> 
     </span>
     <span class='ocr_line' id='line_1_18' title="bbox 513 2311 2451 2418; baseline -0.001 -25"><span class='ocrx_word' id='word_1_133' title='bbox 513 2341 823 2406; x_wconf 83' lang='lat' dir='ltr'><strong>vocatos,</strong></span> <span class='ocrx_word' id='word_1_134' title='bbox 872 2339 1069 2414; x_wconf 86' lang='lat' dir='ltr'><strong>atque</strong></span> <span class='ocrx_word' id='word_1_135' title='bbox 1114 2329 1216 2390; x_wconf 86' lang='lat' dir='ltr'><strong>ire</strong></span> <span class='ocrx_word' id='word_1_136' title='bbox 1260 2311 1581 2412; x_wconf 81' lang='lat' dir='ltr'><strong>negantes</strong></span> <span class='ocrx_word' id='word_1_137' title='bbox 1610 2373 1632 2406; x_wconf 89' lang='lat'>,</span> <span class='ocrx_word' id='word_1_138' title='bbox 1684 2347 1843 2390; x_wconf 82' lang='lat' dir='ltr'><strong>suae</strong></span> <span class='ocrx_word' id='word_1_139' title='bbox 1867 2327 2451 2418; x_wconf 74' lang='lat' dir='ltr'><strong>tergiversationis</strong></span> 
     </span>
     <span class='ocr_line' id='line_1_19' title="bbox 517 2436 2449 2518; baseline -0.001 -12"><span class='ocrx_word' id='word_1_140' title='bbox 517 2454 726 2508; x_wconf 87' lang='lat' dir='ltr'><strong>testes</strong></span> <span class='ocrx_word' id='word_1_141' title='bbox 776 2463 926 2508; x_wconf 85' lang='lat' dir='ltr'><strong>esse</strong></span> <span class='ocrx_word' id='word_1_142' title='bbox 973 2441 1231 2506; x_wconf 84' lang='lat' dir='ltr'><strong>factos:</strong></span> <span class='ocrx_word' id='word_1_143' title='bbox 1281 2439 1481 2505; x_wconf 87' lang='lat' dir='ltr'><strong>Cure.</strong></span> <span class='ocrx_word' id='word_1_144' title='bbox 1531 2443 1597 2504; x_wconf 87' lang='lat'><strong>5.</strong></span> <span class='ocrx_word' id='word_1_145' title='bbox 1642 2444 1708 2503; x_wconf 84' lang='lat'><strong>2.</strong></span> <span class='ocrx_word' id='word_1_146' title='bbox 1755 2443 1878 2518; x_wconf 83' lang='lat'><strong>23,</strong></span> <span class='ocrx_word' id='word_1_147' title='bbox 1923 2451 1995 2504; x_wconf 88' lang='lat' dir='ltr'><strong>et</strong></span> <span class='ocrx_word' id='word_1_148' title='bbox 2038 2436 2357 2504; x_wconf 79' lang='lat' dir='ltr'><strong>Poen.·5.</strong></span> <span class='ocrx_word' id='word_1_149' title='bbox 2381 2444 2449 2505; x_wconf 87' lang='lat'><strong>4.</strong></span> 
     </span>
     <span class='ocr_line' id='line_1_20' title="bbox 516 2552 2452 2640; baseline -0.001 -18"><span class='ocrx_word' id='word_1_150' title='bbox 516 2558 626 2623; x_wconf 79' lang='lat'><strong>59.</strong></span> <span class='ocrx_word' id='word_1_151' title='bbox 718 2555 802 2623; x_wconf 85' lang='lat' dir='ltr'><strong>In</strong></span> <span class='ocrx_word' id='word_1_152' title='bbox 846 2552 1131 2622; x_wconf 89' lang='lat' dir='ltr'><strong>Poennli</strong></span> <span class='ocrx_word' id='word_1_153' title='bbox 1175 2554 1323 2619; x_wconf 92' lang='lat' dir='ltr'><strong>loco</strong></span> <span class='ocrx_word' id='word_1_154' title='bbox 1349 2555 1588 2619; x_wconf 86' lang='lat' dir='ltr'><strong>Hanno</strong></span> <span class='ocrx_word' id='word_1_155' title='bbox 1611 2600 1632 2633; x_wconf 92' lang='lat'>,</span> <span class='ocrx_word' id='word_1_156' title='bbox 1681 2574 2072 2640; x_wconf 83' lang='lat' dir='ltr'><strong>quamquam</strong></span> <span class='ocrx_word' id='word_1_157' title='bbox 2096 2553 2452 2620; x_wconf 79' lang='lat' dir='ltr'><strong>ancillulas</strong></span> 
     </span>
     <span class='ocr_line' id='line_1_21' title="bbox 520 2667 2453 2756; baseline -0.001 -21"><span class='ocrx_word' id='word_1_158' title='bbox 520 2671 681 2737; x_wconf 81' lang='lat' dir='ltr'><strong>duas</strong></span> <span class='ocrx_word' id='word_1_159' title='bbox 727 2670 910 2737; x_wconf 88' lang='lat' dir='ltr'><strong>filias</strong></span> <span class='ocrx_word' id='word_1_160' title='bbox 958 2691 1112 2736; x_wconf 90' lang='lat' dir='ltr'><strong>suas</strong></span> <span class='ocrx_word' id='word_1_161' title='bbox 1138 2692 1292 2737; x_wconf 82' lang='lat' dir='ltr'><strong>esse</strong></span> <span class='ocrx_word' id='word_1_162' title='bbox 1314 2674 1762 2756; x_wconf 81' lang='lat' dir='ltr'><strong>compererat,</strong></span> <span class='ocrx_word' id='word_1_163' title='bbox 1807 2667 2097 2731; x_wconf 85' lang='lat' dir='ltr'><strong>nondum</strong></span> <span class='ocrx_word' id='word_1_164' title='bbox 2122 2679 2340 2733; x_wconf 89' lang='lat' dir='ltr'><strong>tamen</strong></span> <span class='ocrx_word' id='word_1_165' title='bbox 2364 2668 2453 2733; x_wconf 93' lang='lat' dir='ltr'><strong>il-</strong></span> 
     </span>
     <span class='ocr_line' id='line_1_22' title="bbox 517 2778 2452 2869; baseline -0.001 -19"><span class='ocrx_word' id='word_1_166' title='bbox 517 2786 608 2851; x_wconf 85' lang='lat' dir='ltr'><strong>lis</strong></span> <span class='ocrx_word' id='word_1_167' title='bbox 656 2787 779 2851; x_wconf 89' lang='lat' dir='ltr'><strong>hoc</strong></span> <span class='ocrx_word' id='word_1_168' title='bbox 824 2787 1262 2851; x_wconf 86' lang='lat' dir='ltr'><strong>indicaverat.</strong></span> <span class='ocrx_word' id='word_1_169' title='bbox 1329 2783 1503 2851; x_wconf 89' lang='lat' dir='ltr'><strong>Nam</strong></span> <span class='ocrx_word' id='word_1_170' title='bbox 1541 2787 1719 2848; x_wconf 88' lang='lat' dir='ltr'><strong>inter</strong></span> <span class='ocrx_word' id='word_1_171' title='bbox 1741 2781 1935 2847; x_wconf 91' lang='lat' dir='ltr'><strong>illum</strong></span> <span class='ocrx_word' id='word_1_172' title='bbox 1961 2794 2026 2847; x_wconf 85' lang='lat' dir='ltr'><strong>et</strong></span> <span class='ocrx_word' id='word_1_173' title='bbox 2048 2778 2452 2869; x_wconf 86' lang='lat' dir='ltr'><strong>Agorastoc-</strong></span> 
     </span>
     <span class='ocr_line' id='line_1_23' title="bbox 515 2887 2457 2987; baseline -0.001 -23"><span class='ocrx_word' id='word_1_174' title='bbox 515 2899 653 2966; x_wconf 90' lang='lat' dir='ltr'><strong>lem</strong></span> <span class='ocrx_word' id='word_1_175' title='bbox 679 2946 700 2978; x_wconf 89' lang='lat'><strong>,</strong></span> <span class='ocrx_word' id='word_1_176' title='bbox 750 2902 868 2987; x_wconf 84' lang='lat' dir='ltr'><strong>qui</strong></span> <span class='ocrx_word' id='word_1_177' title='bbox 912 2899 1185 2966; x_wconf 84' lang='lat' dir='ltr'><strong>alteram</strong></span> <span class='ocrx_word' id='word_1_178' title='bbox 1210 2900 1443 2966; x_wconf 87' lang='lat' dir='ltr'><strong>harum</strong></span> <span class='ocrx_word' id='word_1_179' title='bbox 1467 2887 1855 2977; x_wconf 75' lang='lat' dir='ltr'><strong>adamabat,</strong></span> <span class='ocrx_word' id='word_1_180' title='bbox 1905 2911 2337 2977; x_wconf 84' lang='lat' dir='ltr'><strong>convenerat,</strong></span> <span class='ocrx_word' id='word_1_181' title='bbox 2384 2913 2457 2963; x_wconf 87' lang='lat' dir='ltr'><strong>ut</strong></span> 
     </span>
     <span class='ocr_line' id='line_1_24' title="bbox 516 3013 2454 3104; baseline -0.003 -22"><span class='ocrx_word' id='word_1_182' title='bbox 516 3028 877 3104; x_wconf 82' lang='lat' dir='ltr'><strong>pergerent</strong></span> <span class='ocrx_word' id='word_1_183' title='bbox 922 3013 1082 3079; x_wconf 88' lang='lat' dir='ltr'><strong>illas</strong></span> <span class='ocrx_word' id='word_1_184' title='bbox 1133 3029 1436 3094; x_wconf 85' lang='lat' dir='ltr'><strong>tentare,</strong></span> <span class='ocrx_word' id='word_1_185' title='bbox 1486 3016 1790 3101; x_wconf 81' lang='lat' dir='ltr'><strong>quamvis</strong></span> <span class='ocrx_word' id='word_1_186' title='bbox 1833 3034 1940 3077; x_wconf 75' lang='lat' dir='ltr'><strong>vs.</strong></span> <span class='ocrx_word' id='word_1_187' title='bbox 1988 3017 2074 3078; x_wconf 88' lang='grc'><strong>47</strong></span> <span class='ocrx_word' id='word_1_188' title='bbox 2122 3034 2272 3101; x_wconf 86' lang='lat' dir='ltr'><strong>sqq.</strong></span> <span class='ocrx_word' id='word_1_189' title='bbox 2311 3017 2454 3099; x_wconf 82' lang='lat' dir='ltr'><strong>jam</strong></span> 
     </span>
     <span class='ocr_line' id='line_1_25' title="bbox 513 3127 2451 3219; baseline -0.003 -22"><span class='ocrx_word' id='word_1_190' title='bbox 513 3133 911 3219; x_wconf 83' lang='lat' dir='ltr'><strong>promiserat</strong></span> <span class='ocrx_word' id='word_1_191' title='bbox 938 3177 958 3210; x_wconf 89' lang='lat'><strong>‚</strong></span> <span class='ocrx_word' id='word_1_192' title='bbox 1009 3152 1081 3195; x_wconf 85' lang='lat' dir='ltr'><strong>se</strong></span> <span class='ocrx_word' id='word_1_193' title='bbox 1128 3128 1276 3194; x_wconf 88' lang='lat' dir='ltr'><strong>illis</strong></span> <span class='ocrx_word' id='word_1_194' title='bbox 1323 3130 1567 3217; x_wconf 83' lang='lat' dir='ltr'><strong>gaudio</strong></span> <span class='ocrx_word' id='word_1_195' title='bbox 1613 3142 1680 3194; x_wconf 90' lang='lat' dir='ltr'><strong>et</strong></span> <span class='ocrx_word' id='word_1_196' title='bbox 1724 3128 2027 3193; x_wconf 86' lang='lat' dir='ltr'><strong>libertati</strong></span> <span class='ocrx_word' id='word_1_197' title='bbox 2070 3129 2238 3192; x_wconf 85' lang='lat' dir='ltr'><strong>fore.</strong></span> <span class='ocrx_word' id='word_1_198' title='bbox 2332 3127 2451 3192; x_wconf 65' lang='lat' dir='ltr'><strong>Sev-</strong></span> 
     </span>
     <span class='ocr_line' id='line_1_26' title="bbox 515 3242 2449 3332; baseline -0.002 -22"><span class='ocrx_word' id='word_1_199' title='bbox 515 3267 673 3311; x_wconf 83' lang='lat' dir='ltr'><strong>vera</strong></span> <span class='ocrx_word' id='word_1_200' title='bbox 742 3247 972 3332; x_wconf 86' lang='lat' dir='ltr'><strong>itaque</strong></span> <span class='ocrx_word' id='word_1_201' title='bbox 1035 3244 1256 3310; x_wconf 85' lang='lat' dir='ltr'><strong>fronte</strong></span> <span class='ocrx_word' id='word_1_202' title='bbox 1321 3248 1394 3309; x_wconf 90' lang='lat' dir='ltr'><strong>in</strong></span> <span class='ocrx_word' id='word_1_203' title='bbox 1430 3250 1549 3331; x_wconf 84' lang='lat' dir='ltr'><strong>jus</strong></span> <span class='ocrx_word' id='word_1_204' title='bbox 1596 3242 1754 3309; x_wconf 86' lang='lat' dir='ltr'><strong>illas</strong></span> <span class='ocrx_word' id='word_1_205' title='bbox 1798 3257 1992 3308; x_wconf 85' lang='lat' dir='ltr'><strong>vocat</strong></span> <span class='ocrx_word' id='word_1_206' title='bbox 2017 3290 2038 3322; x_wconf 89' lang='lat'><strong>,</strong></span> <span class='ocrx_word' id='word_1_207' title='bbox 2111 3255 2177 3306; x_wconf 89' lang='lat' dir='ltr'><strong>et</strong></span> <span class='ocrx_word' id='word_1_208' title='bbox 2221 3263 2449 3329; x_wconf 87' lang='lat' dir='ltr'><strong>appre-</strong></span> 
     </span>
     <span class='ocr_line' id='line_1_27' title="bbox 522 3355 2449 3446; baseline -0.001 -23"><span class='ocrx_word' id='word_1_209' title='bbox 522 3358 722 3425; x_wconf 82' lang='lat' dir='ltr'><strong>hendi</strong></span> <span class='ocrx_word' id='word_1_210' title='bbox 783 3359 971 3436; x_wconf 82' lang='lat' dir='ltr'><strong>vult3</strong></span> <span class='ocrx_word' id='word_1_211' title='bbox 1060 3360 1185 3425; x_wconf 83' lang='lat' dir='ltr'><strong>sed</strong></span> <span class='ocrx_word' id='word_1_212' title='bbox 1226 3358 1702 3446; x_wconf 80' lang='lat' dir='ltr'><strong>Agorastocles</strong></span> <span class='ocrx_word' id='word_1_213' title='bbox 1769 3355 2117 3424; x_wconf 87' lang='lat' dir='ltr'><strong>obfirmare</strong></span> <span class='ocrx_word' id='word_1_214' title='bbox 2161 3377 2291 3422; x_wconf 88' lang='lat' dir='ltr'><strong>non</strong></span> <span class='ocrx_word' id='word_1_215' title='bbox 2330 3379 2449 3443; x_wconf 88' lang='lat' dir='ltr'><strong>po-</strong></span> 
     </span>
    </p>
   </div>
   <div class='ocr_carea' id='block_1_3' title="bbox 515 3639 2455 3885">
    <p class='ocr_par' dir='ltr' id='par_1_3' title="bbox 515 3639 2455 3885">
     <span class='ocr_line' id='line_1_28' title="bbox 591 3639 2452 3708; baseline -0.001 -18"><span class='ocrx_word' id='word_1_216' title='bbox 591 3641 670 3708; x_wconf 85' lang='lat'><strong>(5)</strong></span> <span class='ocrx_word' id='word_1_217' title='bbox 718 3642 964 3691; x_wconf 70' lang='lat' dir='ltr'><strong>Discimuo</strong></span> <span class='ocrx_word' id='word_1_218' title='bbox 994 3644 1128 3692; x_wconf 86' lang='lat' dir='ltr'><strong>enim</strong></span> <span class='ocrx_word' id='word_1_219' title='bbox 1161 3661 1221 3695; x_wconf 85' lang='lat' dir='ltr'><strong>ex</strong></span> <span class='ocrx_word' id='word_1_220' title='bbox 1253 3643 1731 3703; x_wconf 58' lang='lat' dir='ltr'><strong>scholiastaflorat.</strong></span> <span class='ocrx_word' id='word_1_221' title='bbox 1767 3644 1921 3693; x_wconf 85' lang='lat' dir='ltr'><strong>Serm.</strong></span> <span class='ocrx_word' id='word_1_222' title='bbox 1960 3640 2003 3692; x_wconf 86' lang='lat'><strong>1.</strong></span> <span class='ocrx_word' id='word_1_223' title='bbox 2040 3643 2074 3691; x_wconf 80' lang='lat'>9</span> <span class='ocrx_word' id='word_1_224' title='bbox 2107 3657 2177 3691; x_wconf 79' lang='grc' dir='ltr'>νι.</span> <span class='ocrx_word' id='word_1_225' title='bbox 2214 3639 2310 3699; x_wconf 84' lang='grc'><strong>76,</strong></span> <span class='ocrx_word' id='word_1_226' title='bbox 2361 3653 2452 3683; x_wconf 77' lang='lat' dir='ltr'><strong>an-</strong></span> 
     </span>
     <span class='ocr_line' id='line_1_29' title="bbox 521 3715 2455 3801; baseline -0.004 -14"><span class='ocrx_word' id='word_1_227' title='bbox 521 3737 847 3788; x_wconf 68' lang='lat' dir='ltr'><strong>testationem</strong></span> <span class='ocrx_word' id='word_1_228' title='bbox 912 3739 1068 3788; x_wconf 80' lang='lat' dir='ltr'><strong>etiam</strong></span> <span class='ocrx_word' id='word_1_229' title='bbox 1130 3739 1210 3787; x_wconf 69' lang='lat' dir='ltr'><strong>his</strong></span> <span class='ocrx_word' id='word_1_230' title='bbox 1255 3739 1420 3788; x_wconf 69' lang='lat' dir='ltr'><strong>verbis</strong></span> <span class='ocrx_word' id='word_1_231' title='bbox 1469 3740 1611 3788; x_wconf 81' lang='lat' dir='ltr'><strong>ficri:</strong></span> <span class='ocrx_word' id='word_1_232' title='bbox 1658 3715 1965 3797; x_wconf 47' lang='lat' dir='ltr'><strong>dumento,</strong></span> <span class='ocrx_word' id='word_1_233' title='bbox 2038 3737 2174 3801; x_wconf 73' lang='lat' dir='ltr'><strong>quod</strong></span> <span class='ocrx_word' id='word_1_234' title='bbox 2221 3740 2273 3783; x_wconf 76' lang='lat' dir='ltr'><strong>et</strong></span> <span class='ocrx_word' id='word_1_235' title='bbox 2317 3721 2455 3779; x_wconf 60' lang='lat' dir='ltr'><strong>mihi</strong></span> 
     </span>
     <span class='ocr_line' id='line_1_30' title="bbox 515 3833 1244 3885; baseline -0.001 -1"><span class='ocrx_word' id='word_1_236' title='bbox 515 3838 577 3885; x_wconf 69' lang='lat' dir='ltr'><strong>in</strong></span> <span class='ocrx_word' id='word_1_237' title='bbox 611 3833 709 3885; x_wconf 74' lang='lat' dir='ltr'><strong>illa</strong></span> <span class='ocrx_word' id='word_1_238' title='bbox 742 3850 900 3884; x_wconf 70' lang='lat' dir='ltr'><strong>cauea</strong></span> <span class='ocrx_word' id='word_1_239' title='bbox 937 3836 1088 3883; x_wconf 69' lang='lat' dir='ltr'><strong>testis</strong></span> <span class='ocrx_word' id='word_1_240' title='bbox 1121 3836 1244 3883; x_wconf 72' lang='lat' dir='ltr'><strong>eris.</strong></span> 
     </span>
    </p>
   </div>
  </div>
 </body>
</html>
