2842 4767
1392 247 1489 321 ⁷1

468 508 572 561 rat
597 540 618 574 ‚
711 492 982 577 minime
1049 510 1125 567 se
1188 508 1303 552 rus
1367 486 1452 550 ad
1518 507 1792 553 uxorem
1857 509 2054 574 posse
2115 492 2347 554 venire
2372 533 2394 567 ‚

437 609 778 698 'quoniam
844 607 915 669 in
982 601 1197 667 tribus
1262 598 1506 666 litibus
1571 624 1611 665 a
1667 601 1981 667 Praetore
2016 603 2234 689 J'udex
2282 604 2396 668 da-

469 738 578 790 tus
605 769 626 802 ,
721 733 858 786 tres
942 716 1104 782 lites
1185 714 1606 800 judicandas
1693 729 2033 802 receperat
2056 760 2077 794 ‚
2170 718 2343 805 quod
2370 764 2392 798 ‚

470 837 773 925 quamvis
818 831 976 898 fieri
1018 853 1148 897 non
1190 832 1455 916 potuit,
1533 835 1765 916 jocose
1814 832 2063 897 dictum
2108 845 2213 897 est
2238 877 2260 911 ,
2330 846 2404 897 ut

469 952 722 1029 uxori,
791 948 1024 1013 harum
1080 965 1297 1011 rerum
1345 936 1617 1032 ignarae
1644 989 1665 1023 ‚
1735 945 2103 1012 absentiam
2145 945 2403 1012 abunde

462 1077 770 1131 excuset.
814 1099 902 1111 --

1009 1395 1859 1465 MERGATOR.

545 1743 647 1810 11.
693 1748 759 1808 3.
804 1763 908 1807 vs.
955 1746 1105 1807 113.
1282 1740 1463 1824 Leye
1507 1741 1826 1843 vendere.

468 1883 800 1951 Charinus
888 1882 1278 1955 adolescens
1367 1905 1460 1948 ex
1545 1896 1914 1949 mercatura
1998 1885 2214 1950 redux
2240 1931 2261 1964 ,
2369 1911 2407 1952 e

465 2000 844 2087 peregrinis
907 1997 1296 2084 regionibus
1358 1995 1673 2064 ancillam
1736 1999 2099 2065 advexerat
2123 2044 2145 2076 ‚
2213 2023 2406 2087 quam

470 2136 602 2180 non
669 2112 792 2179 ille
837 2126 1132 2192 tantum,
1202 2113 1323 2178 sed
1367 2116 1569 2179 etiam
1613 2125 1802 2200 pater
1845 2112 2179 2199 Demipho
2205 2158 2227 2192 ‚
2301 2115 2404 2179 ef·

470 2231 712 2295 flictim
775 2228 1057 2293 amabat.
1168 2225 1586 2294 Adolescens
1614 2275 1635 2309 ‚
1704 2226 1940 2294 nolens
2005 2229 2257 2306 fateri,
2328 2250 2407 2293 se

467 2327 662 2408 illins
716 2353 944 2408 'amore
1006 2341 1285 2430 flagrare
1311 2389 1332 2423 ‚
1422 2345 1633 2408 amico
1702 2344 1946 2409 emisse
2016 2365 2089 2408 se
2132 2340 2407 2429 profite-

465 2443 704 2536 batur}
794 2480 1002 2525 senex
1069 2471 1291 2551 contra
1357 2459 1753 2524 contendere
1780 2503 1800 2535 ‚
1865 2481 1940 2524 se
2004 2457 2214 2524 multo
2259 2439 2406 2525 „me-

468 2571 605 2639 lius
650 2571 840 2639 illam
886 2575 1097 2638 amico
1142 2595 1263 2638 suo
1293 2617 1314 2651 ‚
1379 2575 1499 2660 qui
1545 2572 1880 2661 ejusmodi
1925 2570 2238 2637 ancillam
2284 2597 2407 2640 ex-

472 2701 728 2772 peteret
754 2734 775 2767 ,
823 2689 1287 2766 venditurum3
1370 2689 1553 2752 omni
1599 2690 1855 2752 ratione
1900 2687 2187 2775 denique
2229 2701 2412 2772 post-

477 2823 668 2888 quam
706 2806 981 2887 juvenis
1026 2818 1279 2890 patrem
1330 2802 1412 2868 ab
1461 2801 1585 2868 illa
1628 2804 2015 2868 venditione
2059 2802 2411 2867 deflectere

471 2918 810 2982 incassum
853 2917 1238 2997 studuerat,
1303 2916 1521 2984 sodali
1567 2939 1687 2982 suo
1732 2915 1842 2981 vel
1884 2919 2108 3003 potius
2156 2915 2294 2982 sibi
2334 2927 2410 2981 ut

471 3033 753 3097 amicam
797 3044 1094 3096 servaret
1120 3078 1141 3111 ,
1211 3032 1435 3098 subito
1480 3031 1813 3098 exclamat
1839 3079 1859 3111 ‚
1909 3045 2240 3121 tamquam
2281 3029 2409 3096 ali-

470 3146 680 3231 quid,
747 3146 921 3234 quod
962 3147 1174 3234 patris
1220 3149 1505 3212 amicum
1548 3146 1629 3211 ab
1675 3147 1961 3211 emtione
1988 3192 2009 3226 ‚
2056 3149 2409 3233 ipsumque
2515 3202 2518 3215 ,,

470 3262 723 3344 patrem
767 3283 807 3327 a
846 3262 1235 3327 venditione
1283 3261 1656 3330 deterreat:

735 3402 899 3469 Non
943 3426 1066 3490 eqo
1109 3407 1311 3472 illam
1353 3410 1718 3491 mancupio
1761 3409 2026 3490 accepi.

483 3545 729 3633 quippe
793 3569 833 3610 a
894 3552 1274 3637 peregrinis
1340 3563 1672 3634 mercatus
1703 3596 1725 3630 ,
1810 3550 1930 3636 qui
2016 3552 2416 3635 mancipare.

476 3679 607 3724 non
651 3670 1004 3746 poterant:
1052 3675 1122 3728 at
1162 3677 1352 3750 pater
1394 3667 1627 3731 statim
1669 3663 2063 3751 respondet:

676 3799 835 3868 Sed
876 3778 1010 3869 alle
1054 3804 1345 3888 (amicus
1387 3808 1604 3892 mens)
1648 3809 1843 3873 illam
1885 3811 2152 3893 accipie
