2842 4767
1460 257 1570 332 45

537 497 732 564 batur
790 494 1129 583 peculium
1155 541 1177 574 ‚
1248 494 1536 583 (peculii
1577 494 1882 570 filiorum
1921 498 2086 562 fam.
2130 513 2199 565 et
2242 522 2472 582 servo-⁶
2535 503 2540 508 ’

500 689 505 694 .
540 631 685 677 rum
727 610 970 696 instar)
1017 611 1068 676 i.
1116 633 1178 676 e.
1224 607 1489 698 aliquid
1529 608 1948 697 peculiare„
1988 612 2062 675 in
2105 635 2183 677 eo
2225 633 2265 678 a
2310 635 2480 696 vem

531 723 797 812 peeulio
861 727 1181 793 differens
1204 772 1226 808 ,
1321 726 1498 815 quod
1560 724 1733 792 nulli
1787 732 1906 815 Jus
1953 724 2227 813 aliquod
2269 729 2342 793 iu
2385 728 2472 808 il-

536 839 655 906 lud
699 856 1100 930 competeret
1127 887 1151 923 ‚
1214 843 1356 906 nisi
1398 842 1576 908 forte
1614 844 1839 928 patris,
1877 845 1973 907 -in
2018 846 2214 928 cujus
2254 854 2476 929 potes-

537 967 720 1020 tate:
679 995 731 1034 ,-
806 958 1070 1043 nuptiis
1164 958 1468 1044 qmmvis
1557 957 1802 1037 initis.‚‘
1827 973 1836 996 ³
1867 956 2269 1024 “remanebat
2297 1025 2304 1030 ,
2331 976 2473 1020 mu·-

536 1067 699 1134 lier·
940 1077 1005 1122 ·=‘
1094 1111 1101 1122 ι
1601 1137 1604 1140 .
2197 1135 2210 1150 .
2469 1139 2482 1148 ,μ

618 1182 1007 1248 Mur-rhina
1014 1186 1252 1271 igitur
1315 1184 1540 1250 dieitz.
1622 1201 1751 1249 non
1773 1185 2005 1278 ··deeet
2030 1232 2051 1264 ‚
2143 1197 2473 1258 matronas

532 1297 776 1364 habete
814 1296 1127 1385 peculia‘x
1158 1300 1637 1388 quodcumque
1683 1302 1862 1368 enim
1906 1314 2091 1366 tuum
2137 1313 2241 1366 est
2267 1345 2289 1381 ,
2335 1321 2472 1366 ma·

529 1414 649 1477 riti
740 1436 863 1501 ego
927 1435 1168 1480 eenseo
1214 1412 1363 1498 ·(ita
1432 1427 1691 1499 oportet
1751 1426 1931 1480 certe
1959 1460 2020 1493 ,.
2080 1437 2472 1505 quamquam

524 1532 684 1614 jure
748 1543 879 1593 non
943 1532 1042 1594 ita
1085 1529 1270 1611 est)=
1342 1524 1708 1591 namolam
1754 1529 2116 1614 virozquae
2159 1531 2299 1594 sibi
2343 1530 2472 1602 ali-

527 1643 689 1730 quid
731 1643 999 1728 paravit
1020 1683 1041 1719 ,
1112 1642 1237 1706 vix
1279 1654 1547 1727 potest,
1617 1642 1780 1728 quin
1821 1639 2021 1707 malis
2065 1642 2283 1712 modis
2310 1688 2331 1721 ,
2396 1667 2467 1709 v.

532 1779 594 1821 e.
650 1768 884 1842 stupro
927 1753 1040 1820 vel
1082 1756 1262 1824 furto
1308 1756 1449 1822 sibi
1491 1758 1853 1823 invenerit.
1875 1758 1994 1823 «αἱ.
2047 1756 2416 1845 schweppa
2442 1803 2464 1837 ,

535 1868 728 1936 Ram.
774 1868 1100 1958 Rechtsg.
1147 1878 1185 1953 ς
1226 1875 1380 1937 403.

616 1985 862 2051 Postea
922 2008 1081 2051 vero
1145 1988 1643 2072 praesumtione
1706 1982 2023 2051 Muciana
2065 1985 2168 2072 (5)
2223 1988 2472 2052 factum

536 2114 642 2167 est
666 2146 688 2181 ‚
757 2114 832 2166 ut
897 2122 939 2164 a
1002 2103 1152 2165 viro
1224 2100 1540 2165 donatum
1585 2102 2015 2166 existimetur
2040 2146 2062 2180 ,
2133 2101 2465 2189 quidquid

526 2237 656 2281 non
722 2214 1206 2281 demonstretur
1231 2261 1252 2294 ,
1342 2215 1519 2280 unde
1585 2215 1825 2282 habeat
1890 2214 2157 2281 mulier.
2271 2214 2464 2291 Quod

529 2331 984 2417 excogitatum
1027 2351 1066 2393 a
1113 2325 1196 2404 Q.
1246 2325 1526 2409 Muci0,
1577 2344 1650 2395 ut
1690 2334 1884 2417 pravi
1931 2330 2284 2396 mulierum
2332 2352 2468 2395 mo-

524 2466 634 2510 res
679 2446 1173 2510 refrenarentur
1214 2442 1340 2528 (ef.
1386 2445 1568 2509 infra
1610 2443 1695 2508 ad
1736 2442 1942 2510 Truc.
1986 2449 2054 2511 4.
2092 2450 2160 2510 2.
2184 2445 2299 2530 47)
2319 2491 2340 2524 ,
2388 2468 2465 2510 ae

532 2561 745 2645 turpis
793 2571 1111 2647 quaestus
1159 2559 1568 2634 evitaretur3
1634 2555 1975 2644 peculium
2019 2560 2196 2622 enim
2240 2561 2343 2622 sie
2389 2559 2472 2623 ad

530 2676 840 2740 maritum
913 2673 1267 2761 pervenire
1312 2672 1634 2762 debuit,
1745 2674 2270 2759 quotiescunque
2357 2669 2466 2737 'vir

533 2808 726 2852 suum
771 2785 1146 2873 repeteret,
1195 2789 1506 2875 quoniam
1550 2781 1737 2851 nulla
1780 2788 2152 2874 antiquitus
2201 2785 2468 2851 donatio

533 2901 713 2965 inter
754 2901 977 2978 virum
1022 2912 1088 2965 et
1131 2922 1405 2966 uxorem
1442 2907 1599 2989 jure
1642 2889 1867 2966 valere
1908 2914 2193 2988 poterat.
2286 2898 2473 2977 Quae

530 3017 945 3103 praesumtio
973 3061 995 3096 ‚
1091 3037 1290 3102 quum
1353 3014 1587 3081 Mucio
1657 3016 2037 3081 necessaria
2077 3016 2468 3095 videretur,

532 3152 662 3198 non
721 3152 956 3218 parum
1020 3129 1333 3217 ponderis
1400 3132 1702 3218 opinioni
1770 3132 2152 3220 propositae
2200 3130 2465 3218 adjicit.

621 3302 723 3370 11.
766 3309 835 3370 2.
881 3326 987 3371 vs.
1032 3310 1143 3376 28.
1233 3302 1599 3390 stuprum.

622 3441 961 3530 stuprum
1000 3462 1070 3512 et
1111 3448 1542 3514 adulterium
1586 3450 1685 3514 ita
1728 3449 2051 3515 differunt
2075 3494 2096 3528 ,
2167 3462 2238 3515 ut
2277 3449 2468 3535 prius

533 3562 803 3645 proprie
847 3561 920 3624 in
962 3562 1267 3643 viduam,
1314 3567 1651 3651 virginem
1693 3562 1808 3631 vel
1847 3585 2118 3653 puerum
2167 3568 2465 3632 commit-

469 3948 476 3952 .
595 3901 677 3970 (ὅ)
710 3906 767 3956 1..
803 3906 886 3957 81.
920 3905 1035 3970 mg:
1098 3907 1174 3959 De
1204 3908 1333 3959 Bou.
1372 3908 1469 3958 int.
1506 3909 1600 3960 vir.
1623 3913 1692 3970 'qt
1725 3921 1807 3960 ux.
