2842 4767
1340 221 1445 298 72

426 489 523 534 sc.
567 468 939 553 mancupio.
1029 460 1251 528 Filius
1297 476 1568 531 contra:
1615 477 1684 530 at
1726 467 1956 552 pater!

716 633 880 700 Non
916 643 1121 719 potes
1171 642 1250 698 tu
1297 635 1444 717 leye
1491 635 1781 703 vendere
1825 638 2048 701 illam.

420 807 596 895 quod
649 807 972 894 Hugoni,
1046 806 1239 871 Rom.
1291 804 1625 893 Rechtsg.
1663 754 1832 894 Pag.
1873 812 2044 887 212,
2115 821 2183 872 et
2224 811 2355 903 215

280 952 285 963 ¹
420 920 583 988 Not.
650 927 691 989 3
762 923 941 987 idem
984 934 1089 1022 est
1154 941 1276 987 ac:
1367 941 1499 985 non
1564 933 1752 1006 potes
1798 920 1987 986 illam
2027 925 2357 1009 mancipio

416 1036 616 1113 dare,
687 1038 997 1122 quoniam
1060 1058 1179 1101 nec
1247 1057 1369 1121 ego
1396 1081 1417 1115 ‚
1489 1056 1613 1100 nec
1668 1049 1741 1102 tu
1786 1037 2039 1102 domini
2082 1059 2305 1103 sumus
2335 1083 2356 1116 ,

419 1162 725 1214 auctores
771 1170 923 1213 esse
987 1169 1342 1233 possumus
1372 1195 1393 1228 ,
1482 1152 1605 1214 sed
1647 1153 2034 1217 auctoritati
2076 1151 2358 1217 obnoxii

422 1285 803 1329 manemus:
889 1263 1037 1344 leye
1083 1261 1375 1325 vendere
1422 1263 1635 1348 igitur
1678 1276 1785 1328 est
1826 1284 1920 1329 ea:
1967 1265 2112 1346 leye
2140 1310 2160 1342 ‚
2247 1286 2352 1328 se-

415 1378 707 1443 cundum
767 1378 976 1461 ἱερου
1031 1374 1416 1452 Quirinum
1461 1377 1755 1441 vendere
1782 1424 1803 1458 ‚
1871 1389 1947 1443 ut
1987 1378 2071 1441 L.
2119 1382 2187 1443 1.-
2233 1384 2270 1460 §
2309 1384 2354 1445 2

411 1492 576 1580 Dig.
641 1492 724 1557 de
780 1493 883 1556 rei
927 1491 1133 1557 vind:
1160 1511 1254 1556 ex·
1300 1492 1446 1574 leye
1501 1489 1884 1567 Quiritium
1916 1469 2293 1558 'vindicare
2321 1517 2347 1560 .·

417 1607 592 1695 quod
637 1606 1164 1693 anteponendum
1207 1605 1383 1670 mihi
1427 1590 1696 1671 'videtur
1719 1608 2019 1692 opinioni
2042 1605 2351 1686 illorum,

420 1724 539 1810 qui
607 1720 721 1785 hic
766 1720 848 1784 de
894 1721 1041 1802 leye
1070 1763 1091 1797 ‚
1161 1718 1562 1784 conditione
1589 1765 1611 1799 ‚
1661 1719 1982 1800 formula
2026 1725 2354 1806 mancipii

419 1837 538 1901 vel
576 1834 1007 1898 venditionis
1048 1831 1566 1921 intelligendum
1612 1855 1765 1899 esse
1810 1835 2271 1927 existiman-t„

503 1948 791 2016 Accedit
819 1994 840 2028 ‚
955 1947 1130 2036 quod
1232 1946 1513 2034 plurimi
1623 1948 1937 2012 interfuit
2035 1946 2361 2012 Romano-

421 2085 568 2130 rum
594 2109 615 2143 ‚
673 2066 747 2129 in
792 2084 1020 2128 servos
1067 2063 1379 2148 inprimis
1417 2066 1536 2148 J'us
1585 2058 1955 2137 Quiritium
2000 2084 2318 2130 exercere
2343 2106 2363 2139 ,

420 2178 504 2245 ob
540 2183 797 2265 justam
839 2177 1452 2242 manumissionem.
2284 2259 2288 2264 ,

506 2292 617 2356 Ex
661 2290 789 2355 illa
831 2302 1048 2354 autem
1091 2288 1244 2376 lege
1285 2290 1657 2376 mancipii,
1715 2288 1828 2355 vel
1871 2289 2158 2354 formula
2199 2313 2359 2356 ven-

427 2403 748 2479 ditionis3
799 2425 888 2468 ex
934 2403 1066 2479 iis,
1116 2424 1282 2490 quae
1325 2400 1561 2493 lingua
1602 2415 2059 2490 nuncupantur
2085 2403 2189 2488 (ut
2213 2404 2362 2470 Cic.

425 2516 509 2581 de
564 2516 689 2609 off.
760 2515 902 2582 111.
974 2521 1053 2583 16
1099 2529 1416 2583 vocantur
1458 2517 1622 2607 illae
1665 2519 2142 2596 conditioneS,‚
2200 2540 2368 2606 quae

427 2634 503 2696 in
525 2631 1126 2718 mancipationibus
1153 2632 1295 2720 fere
1320 2632 1843 2719 adjiciebantur:
1887 2635 1979 2699 cf.
2043 2634 2261 2699 Varro
2286 2634 2367 2698 de

428 2745 633 2833 Ling.
658 2747 814 2812 Lat.
838 2745 945 2824 V,
994 2746 1158 2832 Pag.
1186 2751 1264 2812 71
1285 2791 1307 2826 ‚
1355 2746 1523 2812 edit.
1550 2745 1736 2833 Bip.)
1753 2792 1774 2826 ‚
1813 2763 2122 2816 monente
2149 2749 2376 2815 eodem

429 2863 563 2926 vir.
612 2858 741 2940 cl.‚
791 2859 986 2926 Ram.
1034 2860 1359 2948 Rechtsg.
1407 2861 1572 2949 Pag.
1619 2867 1743 2929 217
1763 2909 1784 2942 ,
1833 2862 2234 2930 illustranda
2268 2878 2382 2930 est·

429 2996 570 3042 vox
613 2976 957 3060 lequlejvu
1001 2978 1075 3039 in
1122 2975 1270 3042 Cic.
1319 2975 1509 3042 Orat.
1557 2999 1619 3042 c.
1669 2980 1787 3057 55,
1835 3000 1954 3065 pro
1998 2993 2188 3045 cauto
2212 3001 2382 3068 quo·-

439 3091 586 3157 dam
631 3104 698 3156 et
742 3103 934 3155 acuto
978 3089 1408 3156 formularum
1452 3104 1717 3157 cantore
1742 3139 1763 3172 ,
1827 3114 1948 3178 pro
1993 3091 2158 3158 ICto
2183 3137 2204 3171 ‚
2252 3093 2371 3177 qui

434 3206 746 3272 inanibus
819 3206 1242 3271 cautionibus
1271 3253 1291 3286 ,
1378 3210 2065 3295 mancipationumque
2134 3202 2365 3269 condi-

438 3320 739 3386 tionibus
807 3319 1184 3385 scribendis
1257 3334 1515 3408 tempus
1588 3323 1793 3400 terit,
1883 3332 1949 3385 et
2017 3321 2370 3385 scientiam

435 3451 622 3496 suam
685 3431 1200 3500 circumscribit.
1291 3434 1396 3520 De
1442 3435 1563 3500 hac
1607 3435 1759 3522 lege
1800 3436 2123 3520 mancipii
2169 3432 2370 3500 intel-

272 3610 281 3618 .
362 3642 365 3647 .
434 3541 711 3632 ligenda
777 3573 1031 3639 quoque
1098 3549 1410 3616 videntur
1478 3551 1800 3636 leyirupa
1854 3562 1932 3615 et
1968 3537 2457 3636 legirupio,-'

444 3680 610 3747 qnae
651 3665 904 3745 passim
949 3667 1022 3729 in
1064 3650 1315 3731 Plauto*
1344 3665 1432 3730 de
1455 3665 1781 3752 improbis
1802 3679 2208 3753 usurpantur
2233 3712 2254 3745 ,
2300 3677 2373 3728 ut

445 3777 540 3842 sit
584 3776 904 3860 leqirupa
953 3775 1077 3851 ille
1102 3824 1123 3858 ‚
1174 3783 1291 3866 qui
1336 3781 1833 3860 conditionibus
1879 3782 2198 3884 mancipii
2242 3797 2369 3843 non
