2842 4767
1335 298 1438 371 78

414 547 621 634 juris.
715 539 907 616 Quod
971 550 1190 603 autem
1255 558 1403 603 cum
1448 535 1750 604 videmus
1795 542 1868 607 in
1913 541 2141 607 eudem
2182 544 2353 608 civi·

424 672 559 725 tate
586 700 608 735 ,
698 653 816 719 ubi
901 649 1039 717 filii
1107 652 1267 718 fam.
1335 673 1596 739 semper
1658 667 1727 720 et
1792 655 2039 744 ubique
2102 659 2356 743 patriae

420 771 742 862 potestati
785 781 970 834 erant
1013 767 1307 855 eubJ’ecti
1335 813 1356 847 ‚
1452 790 1491 833 a
1532 772 1767 855 primis
1805 775 1947 858 jam
1989 771 2149 839 inde
2194 786 2356 837 tem-

421 886 701 973 poribus
769 882 919 970 lege
957 904 1150 970 -opus
1221 883 1442 947 fuisse
1485 883 1796 965 videtur,
1887 907 2052 972 quae
2095 883 2356 951 adolea-

430 1013 657 1067 centes
722 998 1008 1086 puberes
1040 1043 1061 1077 ‚
1130 1019 1252 1062 nec
1310 996 1601 1084 amplius
1648 1011 1935 1065 tutorum
1978 1002 2360 1066 auctoritati

420 1115 749 1181 obnoxios
780 1159 801 1193 ‚
889 1137 929 1178 a
973 1108 1444 1178 malevolorum
1490 1116 1685 1179 tricis
1733 1126 2031 1181 tueretur
2054 1161 2076 1195 ‚
2164 1128 2361 1202 atque

424 1252 464 1296 a
549 1228 847 1294 fallaciis
915 1240 1365 1313 corruptorum
1390 1274 1411 1307 ,
1509 1230 1628 1315 qui
1684 1231 2031 1314 juventuti
2099 1242 2167 1293 et
2229 1231 2356 1292 im-

418 1346 705 1431 peritiae
769 1343 1199 1407 insidiantur.
1308 1341 1488 1406 Huic
1533 1342 1937 1407 incommodo
1981 1353 2201 1406 autem
2250 1364 2358 1407 ca·

424 1472 540 1525 vet
600 1456 720 1524 lex
748 1501 770 1536 ‚
843 1479 1036 1545 quam
1100 1454 1380 1523 Plautus
1443 1457 1516 1521 h.
1561 1455 1613 1521 l.
1660 1433 2357 1543 quinamviceaeiariam

423 1571 761 1661 appellat,
831 1586 897 1638 et
949 1575 1023 1636 in
1070 1570 1248 1636 Rud.
1298 1575 1395 1636 ita
1441 1569 1832 1658 significat,
1900 1583 1976 1636 ut
2017 1573 2195 1636 idem
2239 1593 2356 1636 an·

424 1709 656 1753 norum
722 1706 1032 1751 numerus
1103 1696 1302 1749 exeat
1331 1730 1352 1763 ,
1450 1707 1541 1749 ex
1586 1707 1716 1772 quo
1760 1683 1844 1749 ad
1889 1707 2089 1750 unum
2130 1705 2356 1750 omnes

427 1804 581 1871 leti
624 1802 841 1887 legem
885 1797 1288 1863 Plaetorium
1345 1796 1449 1883 (ut
1493 1798 1695 1864 hodie
1736 1798 2129 1889 plerumque
2170 1822 2363 1865 voca·

424 1931 580 1994 tur,
649 1915 823 1980 haud
867 1917 1010 1979 scio
1038 1961 1059 1996 ,
1118 1935 1200 1979 an
1242 1913 1509 1980 meliori
1545 1920 1704 2001 jure
1747 1937 1941 2003 quam
1985 1915 2147 1981 olim
2187 1917 2360 1982 Lae-

428 2031 632 2116 toria)
703 2043 1095 2118 agnoscunt.
1206 2029 1416 2096 Aetas
1480 2032 1738 2096 incerta
1803 2044 1910 2097 est
1975 2031 2124 2116 (1);
2211 2033 2361 2117 ipsa

429 2167 589 2210 vero
653 2143 879 2209 Plauti
944 2156 1156 2208 aetate
1227 2142 1428 2210 latam
1493 2166 1645 2210 esse
1712 2143 1864 2230 (2),
1951 2167 2081 2210 non
2136 2148 2362 2232 inepte

433 2260 593 2324 hinc
662 2257 834 2324 effici
890 2279 1088 2343 posse
1132 2258 1449 2337 videtur,
1538 2259 1711 2348 quod
1756 2280 1958 2346 quum
2000 2259 2110 2323 bis
2156 2259 2361 2345 hujus

378 2372 606 2458 ‘legis
673 2374 1072 2436 mentionem
1137 2373 1347 2450 fecit,
1434 2370 1689 2438 nullam
1751 2386 2096 2459 praeterea
2137 2371 2357 2459 legem

328 2496 334 2501 '
433 2487 938 2564 memoraverit,
1010 2488 1150 2552 nisi
1224 2484 1530 2554 Cinciam
1559 2533 1580 2567 ‚
1653 2486 1879 2576 (quam
1942 2488 2359 2553 muneralen

431 2600 724 2690 appellat
768 2623 874 2667 vs-
920 2605 1003 2667 13
1048 2602 1565 2689 fragmentorum
1595 2650 1616 2683 ,
1663 2625 1830 2691 quae
1875 2604 2165 2669 citantur
2212 2604 2362 2669 sine

429 2719 694 2782 nomine
806 2715 1181 2782 comoediae
1220 2763 1241 2796 ,
1355 2736 1447 2781 ex
1530 2737 1660 2804 qua
1744 2715 2056 2803 decerpta
2141 2729 2299 2781 sunt
2337 2759 2359 2793 ,

431 2844 499 2897 et:
585 2830 708 2895 hac
796 2843 1012 2896 aetate
1100 2828 1300 2896 latam
1365 2851 1515 2896 esse
1580 2830 1920 2916 novimus)
2010 2841 2078 2897 et:
2140 2829 2361 2919 legem

493 3116 572 3184 (1)
604 3118 754 3167 Doct.
791 3115 1236 3177 Windiachmann,
1273 3116 1456 3167 Rhein.
1493 3116 1620 3168 Huc.
1656 3118 1740 3167 fiir
1768 3116 1902 3168 Phil.
1922 3115 1948 3163 Ι
1966 3115 2139 3179 Jahrg.
2160 3113 2321 3162 IHest:
2339 3147 2354 3172 ‚

427 3213 549 3277 Peg.
573 3213 671 3262 110
703 3227 847 3277 sqq„
887 3210 1125 3261 Pseudou
1160 3211 1379 3262 sahulem
1410 3228 1544 3262 anno
1578 3211 1681 3263 550
1721 3227 1773 3262 ιι.
1811 3226 1858 3260 c.
1898 3213 2059 3259 actam
2076 3207 2261 3267 suinae,
2299 3221 2361 3256 ex

432 3306 603 3370 fragm.
642 3307 937 3357 didascalice
972 3306 1236 3356 Plautinae
1253 3340 1269 3366 ‚
1309 3323 1338 3355 a
1370 3308 1503 3372 niujo
1537 3322 1566 3356 e
1600 3305 1717 3357 cod.
1752 3303 1980 3355 Ambros.
2000 3304 2175 3350 erutae
2194 3334 2212 3360 ,
2251 3298 2364 3350 effi-

428 3415 544 3452 cere
579 3409 792 3454 conatua
824 3406 902 3454 eat
920 3437 935 3462 ‚
989 3417 1055 3451 an
1086 3401 1209 3451 tatia
1241 3400 1441 3452 idoneis
1472 3400 1808 3466 argumentis,
1847 3398 2071 3449 dubitari
2104 3402 2295 3464 potest.
2337 3420 2340 3431 ¹

495 3491 574 3561 (2)
621 3497 775 3550 Nemo
792 3532 810 3561 ‚
860 3498 1041 3565 opinor
1058 3531 1076 3557 ,
1126 3511 1232 3547 non
1266 3498 1573 3547 assentietur
1606 3495 1746 3546 doct.
1782 3509 1883 3543 van
1913 3493 2029 3546 nau
2047 3528 2063 3556 ‚
2115 3493 2172 3543 in
2204 3492 2365 3559 ephe·

429 3589 621 3641 mex-ide
638 3624 654 3650 ,
715 3594 800 3642 cui
851 3593 1033 3644 titulun
1048 3611 1066 3644 e
1117 3591 1409 3659 Biy‘draqen
1456 3597 1535 3641 tot
1568 3589 2048 3658 roqteqelurdlneid
2079 3604 2146 3639 en
2178 3594 2368 3654 φάρε’

437 3686 563 3751 „5219
615 3684 753 3735 rom.
791 3685 863 3736 lx
897 3688 1018 3739 Par·
1055 3688 1121 3750 1,
1165 3688 1473 3753 existimanti
1490 3722 1507 3749 ,
1543 3704 1648 3739 non
1681 3703 1859 3754 parum
1893 3665 2184 3738 festivita'ti·
2216 3681 2369 3763 anioi

430 3780 557 3831 locio
603 3781 884 3830 memoratio
900 3815 914 3841 ‚
967 3785 1009 3833 si
1043 3800 1221 3837 recen·
1256 3785 1359 3835 iata
1391 3786 1474 3836 lex
1509 3766 1730 3837 omnium
1764 3784 1928 3837 adhuc
1959 3779 2199 3833 memoria
2219 3760 2367 3839 'vige-

432 3894 487 3926 re
521 3868 769 3928 censenda
802 3879 896 3926 eat.
