2842 4767
1368 220 1478 294 58

432 464 525 531 of.
570 460 764 530 Trin.
813 464 876 526 5.
923 465 990 524 2.
1037 465 1145 527 39.
1258 458 1411 525 Duo
1481 482 1945 552 nonnunquam
1986 465 2099 533 vel
2138 467 2368 555 plures

432 591 621 645 erant
647 625 669 658 ‚
719 576 834 665 qui
879 574 1199 663 rogabant
1242 574 1420 640 idem
1466 577 1540 641 in
1584 577 2022 665 stipulatione
2064 580 2202 667 (rei
2245 587 2371 649 sti·

429 691 786 781 pulan'di):
869 690 1001 755 duo
1065 688 1178 754 vel
1239 688 1470 775 plures
1537 694 1739 758 etiam
1806 695 1955 761 esse
2017 711 2323 783 poterant
2346 744 2369 779 ,

433 809 555 893 qui
623 806 980 891 separatim
1047 802 1226 868 idem
1268 803 1488 869 eidem
1529 809 1999 891 promittebant
2042 809 2176 896 (rei
2218 833 2372 899 pro-

427 918 800 1004 mittendi).
911 914 1018 983 De
1081 938 1359 1005 quarum
1400 917 1886 1008 obligationum
1932 925 2175 991 effectu
2218 927 2371 992 vide

427 1034 601 1110 Inst.
649 1031 787 1099 111.
835 1037 942 1098 17.
987 1052 1091 1118 pr.
1141 1045 1207 1097 et
1248 1036 1286 1112 5
1330 1038 1393 1097 l.

513 1177 610 1243 V.
656 1182 722 1243 3.
770 1196 875 1241 νε.
922 1180 1029 1241 31.
1788 1171 2256 1260 Ρνοηιὶεἰίη’,

519 1291 613 1356 Te
679 1309 871 1356 omne
914 1299 1275 1374 arqentor·
1342 1289 1779 1355 redditurum
1810 1294 1843 1355 1
1954 1290 2163 1380 Capp.
2233 1314 2371 1360 non

1566 1410 1980 1472 commemini
2025 1408 2282 1473 dicere.

514 1521 722 1589 Ther.
823 1518 1011 1599 Quid
1034 1522 1068 1584 1
1093 1539 1299 1604 neyas
1324 1521 1359 1584 1
1417 1518 1629 1606 Capp.
1673 1519 1866 1605 Neyo
1892 1521 2126 1589 hercle
2151 1544 2314 1588 vero
2341 1546 2370 1592 .·

1206 1655 1335 1719 quo
1369 1643 1751 1718 praesente
1781 1638 1815 1700 1
1859 1659 1987 1724 quo
2032 1642 2111 1703 in
2158 1641 2307 1704 loco
2338 1640 2373 1701 1

519 1753 727 1820 Ther.
815 1748 931 1816 Me
952 1752 1108 1831 ipso
1129 1757 1504 1831 praesente
1533 1795 1553 1828 ,
1601 1760 1676 1815 et
1696 1750 1973 1832 Lycone
1996 1758 2375 1838 trapezita.

439 1895 843 1979 Quamquam
909 1889 1266 1977 stipulatio
1331 1892 1560 1957 verbis
1607 1892 1998 1959 solennibus
2044 1896 2380 1985 concipie-

437 2010 672 2086 batur,
766 2020 833 2073 et
893 2006 1368 2094 quodammodo
1404 2006 1834 2092 jurijurando
1880 2022 2022 2073 erat
2065 2012 2379 2098 aequipa-

438 2124 643 2190 randa
667 2168 688 2202 ,
732 2143 963 2209 parum
1006 2117 1310 2185 sufficere
1357 2132 1575 2183 tamen
1620 2122 1864 2207 cuique
1908 2103 2145 2208 sponte
2187 2124 2378 2190 vide-

435 2240 666 2313 bitur,
734 2234 1028 2321 aliquem
1071 2234 1341 2299 dixisse
1370 2279 1392 2312 ,
1440 2255 1592 2299 esse
1642 2231 2072 2321 stipulatum.
2163 2235 2380 2310 Quam

441 2351 525 2414 ob
587 2369 853 2415 eausam
882 2393 902 2427 ,
998 2361 1072 2412 ut
1133 2346 1639 2434 stipulationem
1682 2372 1915 2418 revera
1959 2363 2027 2416 et
2069 2352 2200 2415 rite
2244 2353 2379 2417 ini-

436 2478 572 2534 tam
618 2483 770 2528 esse
812 2474 1036 2549 pateat
1064 2509 1085 2542 ,
1171 2463 1379 2527 moris
1452 2475 1595 2528 erat
1643 2484 1785 2528 eam
1828 2465 2017 2550 prius
2065 2485 2179 2528 ore
2221 2484 2378 2549 pro-

437 2577 641 2646 latam
668 2624 689 2658 ,
784 2580 856 2643 in
901 2579 1155 2664 scripta
1199 2576 1556 2663 redigere,
1645 2576 1909 2663 adjecta
1952 2579 2266 2666 temporis
2313 2594 2383 2643 et

436 2692 574 2760 loci
617 2694 989 2771 mentione,
1039 2694 1251 2760 sicuti
1307 2714 1373 2756 v.
1399 2716 1460 2758 e.
1486 2695 1559 2757 in
1583 2695 2108 2779 argentariorum
2124 2695 2379 2758 mensis
2454 2691 2462 2702 ’

435 2809 593 2876 fieri
639 2806 931 2874 solebat:
980 2807 1074 2870 cf.
1125 2803 1389 2871 Schult.
1436 2805 1733 2893 Jurispr.
1780 2807 2017 2894 Antej.
2064 2807 2384 2895 Pag.164

439 2947 551 3004 a.;
617 2924 690 2987 in
749 2919 1167 3008 gravioribus
1214 2923 1437 2985 causis
1467 2963 1488 2999 ‚
1560 2934 1628 2987 et
1673 2919 2172 2989 difficilioribus
2218 2941 2380 2985 non-

441 3057 774 3126 nunquam
854 3034 1242 3122 jurisperiti
1325 3032 1543 3099 officio
1617 3035 1970 3101 utebantur
1995 3079 2015 3113 ,
2091 3035 2381 3122 'quorum

441 3174 679 3220 munus
707 3197 727 3230 ,
793 3163 867 3214 ut
912 3163 1139 3214 notum
1165 3196 1186 3230 ,
1236 3164 1377 3216 erat
1427 3149 1846 3233 respondere
1876 3193 1896 3227 ,
1944 3165 2185 3211 cavere
2210 3187 2232 3222 ,
2281 3140 2385 3231 (9)

438 3268 742 3333 seribere
772 3290 797 3333 .·
845 3264 994 3331 Cio.
1041 3287 1160 3351 pro
1207 3262 1713 3331 Rose.·Comm.
1760 3285 1821 3327 o.
1870 3267 1978 3327 13.
2056 3257 2231 3336 Quis
2272 3267 2389 3325 est

444 3380 652 3466 hujus
697 3382 1273 3465 restipulationis
1316 3384 1629 3465 scriptor
1656 3380 1688 3442 1
1735 3376 1999 3441 testis?
2043 3373 2384 3440 arbiter?

445 3498 602 3582 quis
631 3497 665 3559 1
730 3494 842 3562 vel
881 3493 1357 3583 perficiebatur
1403 3512 1619 3556 eoram
1663 3488 1825 3555 aliis
1854 3536 1874 3569 ‚
1925 3491 2042 3578 qui
2087 3490 2159 3554 in
2198 3487 2385 3575 judi-

492 3781 586 3849 ’(9)
632 3738 704 3831 De
738 3796 838 3847 quo
872 3798 1080 3833 munere
1113 3782 1349 3832 ICtorum
1381 3779 1494 3829 vide
1528 3782 1769 3828 auctores
1800 3775 1933 3824 infra
1967 3774 2102 3822 laud.
2139 3771 2199 3819 ad
2233 3765 2377 3833 Epid.

444 3881 497 3931 2.
531 3877 751 3941 2107,
790 3881 844 3927 et
876 3877 925 3927 3.
964 3877 1015 3926 2.
1051 3878 1137 3926 23.
