2842 4767
1413 291 1519 365 55

574 534 666 599 V.
714 539 780 599 2.
825 553 930 598 vs.
979 535 1086 598 87.
1585 597 1587 601 ,

571 648 832 715 Ducite
856 668 1006 728 noe,
1035 668 1165 734 quo
1193 644 1411 727 lubet,
1448 625 1767 734 tanquam
1791 647 2056 734 quidem
2078 649 2420 716 addictor.

486 765 575 829 Et
618 765 1054 829 concinnitati
1099 774 1184 831 et·
1205 762 1681 849 perspicuitati
1723 761 1968 828 melius
2013 783 2116 827 me
2162 757 2427 829 consul'-

486 891 704 943 turum
749 877 1110 943 arbitratus
1157 899 1304 943 sum
1331 923 1353 957 ‚
1402 880 1469 941 si
1514 877 1976 964 quaecumque
2011 898 2100 941 ex
2145 875 2421 957 Plauto,

487 1006 556 1059 et
616 996 692 1058 in
747 992 978 1058 Plauti
1042 1014 1238 1057 usum
1308 990 1669 1057 adferenda
1737 1004 1967 1058 essent
2012 991 2093 1059 de
2137 991 2425 1057 addictis

482 1127 841 1194 eorumque
883 1106 1303 1185 conditione,
1352 1110 1426 1169 in
1474 1127 1677 1170 unum
1721 1105 1939 1170 locum
1963 1103 2417 1191 congererem,

480 1241 678 1306 quam
743 1223 808 1284 si
880 1219 962 1286 de
1023 1217 1320 1306 singulis
1377 1241 1501 1283 suo
1546 1217 1694 1284 loco
1736 1218 2021 1306 paucula
2064 1220 2425 1286 intersere-
2504 1263 2507 1268 ·

421 1359 443 1426 j
486 1347 736 1400 rentur.

566 1450 651 1515 Si
693 1462 847 1537 post
889 1454 975 1516 30
1018 1449 1168 1515 dies
1208 1455 1435 1536 justos
1467 1494 1489 1527 ,
1562 1449 1852 1514 debitori
1897 1469 2251 1532 concessos
2283 1495 2307 1529 ‚
2354 1464 2426 1515 'ut

402 1572 409 1580 ‘
473 1563 850 1650 judicatum
919 1564 1175 1629 faceret
1200 1606 1220 1638 ,
1312 1561 1632 1624 creditori
1680 1561 2100 1625 satisfactum
2144 1581 2274 1627 non
2320 1586 2426 1629 es-

418 1733 421 1736 .
480 1690 586 1744 set
610 1724 632 1757 ‚
680 1681 926 1742 iterum
969 1669 1043 1738 in
1079 1680 1198 1760 jus
1244 1677 1392 1760 rapi
1435 1686 1700 1761 poterat
1742 1674 2042 1756 debitor,
2093 1689 2158 1742 et
2202 1692 2425 1743 contra

482 1812 635 1855 eum
694 1792 811 1876 agi
874 1791 1137 1854 actione
1189 1788 1528 1875 judicati:
1620 1792 1694 1853 in
1764 1812 1892 1877 qua
1948 1811 2144 1856 causa
2187 1814 2306 1877 pro
2351 1813 2424 1856 se

485 1929 682 1995 agere
742 1903 859 1970 illi
913 1925 1042 1969 non
1086 1901 1338 1969 licebat
1363 1949 1386 1983 ,
1479 1903 1599 1968 sed
1642 1904 1978 1970 vindicem
2026 1906 2180 1972 dare
2227 1905 2423 1972 debe-

483 2021 644 2099 bat,
739 2020 857 2107 qui
918 2017 1039 2106 pro
1106 2039 1182 2083 se
1251 2039 1516 2083 causam
1561 2018 1838 2097 diceret.
1927 2018 2084 2107 Gaj.
2131 2020 2264 2087 IV.
2310 2027 2419 2087 21.

494 2132 776 2209 Qualem
843 2133 962 2220 qni
1025 2131 1164 2197 sibi
1236 2134 1541 2197 invenire
1605 2152 1735 2197 non
1797 2146 2058 2219 poterat
2077 2179 2097 2213 ‚
2168 2134 2425 2202 domum

491 2248 855 2315 ducebatur
883 2294 905 2328 ‚
955 2259 1023 2313 et
1065 2247 1532 2314 vinciebatur:
1603 2246 1920 2314 Asin.·5.
1967 2253 2033 2313 2.
2082 2251 2189 2323 87.
2235 2248 2421 2314 Men.

486 2369 550 2430 l.
599 2368 662 2429 l.
708 2368 789 2429 21
819 2406 842 2441 ‚
889 2374 959 2427 et
1003 2360 1074 2426 h.
1120 2359 1173 2426 l.
1263 2361 1446 2427 Hinc
1483 2366 1712 2449 jocum
1753 2364 1929 2449 petit
1976 2355 2367 2430 Charmidas
2397 2409 2417 2441 ,

488 2479 664 2544 Rud.
711 2484 776 2545 3.
821 2484 866 2544 6
908 2486 1016 2542 vs.
1061 2474 1189 2542 ult.
1220 2521 1242 2556 ‚
1293 2479 1415 2564 qui
1459 2474 1764 2541 lenonem
1808 2479 1881 2540 in
1918 2483 2036 2565 jus
2080 2478 2424 2566 abreptum

483 2595 682 2679 sequi
725 2593 1164 2657 constituerat
1228 2590 1582 2655 advocatus
1612 2636 1634 2669 ,
1720 2610 1849 2653 non
1893 2602 1967 2654 ut
2009 2591 2265 2658 vindex
2306 2615 2425 2678 pro

491 2704 616 2770 illo
661 2725 926 2770 causam
963 2716 1196 2793 ageret
1218 2716 1288 2770 et
1310 2703 1710 2784 satisdaret,
1760 2703 1882 2768 sed
1903 2703 2141 2789 (sicuti
2163 2717 2426 2791 praeter

485 2820 1058 2905 exspectationem
1100 2818 1414 2906 adJicit),
1464 2830 1537 2882 ut
1585 2817 1885 2897 videret,
1934 2839 2017 2883 an
2062 2840 2185 2883 sua
2227 2837 2424 2905 opera

488 2935 663 3000 forte
723 2934 929 2999 citius
993 2932 1218 2998 addici
1259 2946 1516 3020 posset.
1553 2925 1558 2932 ’
1606 2931 2063 3000 Addicebatur
2103 2936 2420 3001 nimirum

476 3029 832 3114 ’obaeratus
903 3045 1271 3127 creditori,
1340 3051 1460 3134 qui
1523 3070 1726 3113 nervo
1770 3046 1966 3114 illum
2009 3050 2422 3137 constringe-

476 3187 552 3229 re
575 3208 599 3243 ,
669 3160 1187 3249 compedibusve
1254 3182 1530 3228 onerare
1594 3176 1901 3250 poterat:
1971 3185 2168 3252 quam
2210 3165 2414 3230 mise-

488 3298 625 3341 ram
686 3289 934 3343 sortem
996 3296 1128 3342 non
1172 3275 1356 3343 solus
1403 3275 1634 3342 obibat
1659 3323 1681 3357 ,
1750 3278 1872 3361 sed
1913 3299 2138 3343 omnes
2165 3324 2186 3357 ‚
2258 3295 2417 3366 quos

495 3391 567 3453 in
617 3402 953 3476 potestate
995 3390 1281 3458 habebat
1305 3437 1327 3472 ,
1374 3389 1626 3458 liberos
1675 3404 1743 3456 et
1784 3404 2056 3479 nepotes
2106 3413 2236 3457 una
2275 3412 2423 3458 cum

494 3501 620 3569 illo
684 3505 1002 3571 creditori
1057 3506 1485 3573 tradebantur
1508 3553 1530 3587 ,
1624 3505 1803 3572 haud
1847 3527 2040 3572 secus
2085 3527 2161 3571 ac
2205 3506 2287 3572 de
2329 3508 2422 3571 iis

493 3616 786 3705 legimus
812 3663 837 3698 ,
926 3622 1051 3707 qui
1091 3621 1330 3689 delicti
1370 3621 1634 3708 publici
1676 3620 1937 3708 culpam
1978 3625 2051 3686 in
2095 3644 2169 3689 se
2212 3623 2421 3688 admi-

489 3744 742 3800 serant.
812 3732 978 3822 ‚Hoc
1002 3748 1108 3800 est
1135 3780 1157 3814 ,
1204 3736 1379 3823 quod
1404 3735 1574 3800 dicit
1597 3734 1875 3802 Plautus
1899 3720 2102 3802 Poenss
2126 3743 2190 3802 1.
2217 3741 2279 3801 1.
2313 3739 2415 3800 58.

659 3847 965 3915 Addo'cct
1004 3848 1314 3915 Praetor
1339 3850 1692 3929 familiam
1741 3860 1954 3917 totam
2003 3839 2178 3916 tibi.-
