2842 4767
1449 309 1557 387 59

534 541 670 607 ubi.
696 547 984 628 pretium
1012 589 1030 622 ‚
1099 545 1182 609 de
1227 566 1354 633 quo
1401 549 1795 614 convenerat
1821 594 1841 627 ‚
1915 559 2056 612 erat
2096 549 2141 608 2
2183 540 2466 617 talento-

538 680 726 726 rum:
794 662 1015 734 minae
1058 663 1146 727 40
1187 660 1541 733 arrhaboni
1569 676 1775 727 ,erant
1819 662 2009 726 datae
2035 707 2055 741 ‚
2125 666 2210 725 80
2253 644 2467 747 igitur

516 774 1012 860 persolvendae
1055 777 1415 851 restabant.

625 944 754 1013 IV·-
803 954 867 1014 3.
903 948 1019 1013 'v8.
1067 954 1176 1016 24.

1143 1093 1341 1170 Quod
1380 1116 1476 1158 me
1521 1093 1802 1158 absente
1850 1102 2067 1158 tecum
2111 1090 2225 1155 hic
2252 1065 2472 1169 filim

648 1254 671 1268 .
708 1203 1000 1288 Neyotii
1034 1213 1285 1290 yenit.

516 1344 896 1435 Eleganter
940 1348 1053 1417 hio
1096 1339 1447 1434 neyotiae'nn
1484 1370 1728 1434 yet-ere
1746 1398 1766 1431 ‚
1817 1351 1993 1438 quod
2018 1351 2101 1416 de
2124 1349 2248 1415 illo
2270 1372 2471 1437 peen-

538 1461 803 1530 liariter
826 1464 1112 1545 dicitur,
1155 1469 1274 1551 qui
1297 1467 1600 1535 absentis
1624 1486 1735 1531 res
1760 1467 1910 1530 sine
1933 1464 2238 1530 mandato
2257 1478 2470 1541 curat.

628 1638 720 1701 V.
769 1602 833 1703 1.
878 1657 985 1700 vs.
1033 1640 1141 1699 38.
1437 1630 1689 1698 Servos
1713 1616 2109 1716 ‘pollicitus
2155 1641 2265 1695 est
2305 1633 2470 1697 dare

799 1747 976 1814 Suos
1018 1746 1183 1813 mihi
1232 1767 1458 1812 omnes
1503 1750 1923 1835 quaestioni.
2325 1738 2332 1743 ⁴

553 1889 884 1969 Quaestio
930 1892 1012 1956 de
1055 1896 1280 1955 servis
1345 1889 1458 1956 vel
1510 1913 1550 1954 a
1584 1891 1821 1977 judice
1864 1881 2227 1956 habebatur
2252 1936 2272 1966 ‚
2367 1887 2479 1954 vel

545 2028 584 2071 a
626 2006 956 2092 privatis:
1028 2026 1258 2071 servos
1303 2005 1401 2068 ita
1446 2007 1823 2070 testimonii
1866 2027 2065 2070 causa
2107 2027 2146 2068 a
2185 2008 2473 2091 privatis

543 2141 697 2188 esse
742 2133 996 2203 tortos,
1044 2131 1304 2184 constat
1344 2116 1691 2207 praeterea
1735 2143 1825 2185 ex
1871 2119 2019 2186 Cio.
2064 2141 2182 2206 pro
2205 2118 2473 2185 Cluent.

543 2259 602 2302 o.
648 2241 733 2304 63
778 2250 848 2301 et
887 2240 1021 2312 66;
1109 2235 1269 2300 aliis
1315 2235 1673 2324 aliquando
1695 2235 2032 2323 privatim
2076 2235 2475 2323 torquendos

540 2352 820 2418 traditos
868 2353 1090 2417 fuisse
1121 2355 1323 2418 etiam
1366 2353 1440 2416 in
1462 2349 1748 2417 Graecia
1770 2396 1792 2429 ,
1829 2351 2096 2416 ‘indicat
2119 2348 2474 2436 Aristoph.

537 2468 610 2532 in
677 2441 890 2532 Ranis
916 2512 938 2547 ,
1006 2487 1114 2532 vs.
1158 2470 1286 2533 616
1341 2465 1514 2531 edit.
1556 2465 1849 2533 Brunek.
1937 2467 2118 2531 Loca
2159 2462 2479 2530 nonnulla
2605 2524 2608 2529 .

539 2565 887 2648 Ciceronis
915 2627 936 2660 ‚
1006 2580 1122 2646 ubi
1185 2583 1292 2646 vis
1339 2594 1429 2646 ‘et
1494 2577 1758 2647 utilitas
1823 2582 2287 2666 quaestionum
2352 2583 2479 2644 im-

542 2710 874 2783 pugnatur
895 2740 915 2777 ,
965 2696 1077 2764 dat
1121 2695 1395 2769 Platner
1439 2697 1511 2760 in
1554 2692 1837 2762 libello:
1885 2695 1968 2758 de
2012 2698 2106 2758 iis
2138 2692 2472 2779 partibus

543 2809 877 2877 librorum
953 2812 1313 2883 Ciceronis
1381 2810 1591 2875 Rhet.
1625 2856 1645 2888 ,
1736 2830 1907 2896 quae
1972 2807 2067 2872 ad
2103 2810 2233 2890 jus
2276 2828 2469 2892 epea-

547 2934 731 2992 tant.
800 2926 964 3011 Pag.
1011 2931 1121 2991 22.
1230 2959 1240 2970 ·

630 3098 724 3165 V.
777 3103 839 3163 1.
885 3118 991 3163 vs.
1035 3103 1147 3164 43.

732 3238 1116 3321 lineium
1143 3239 1317 3324 jube
1360 3242 1561 3307 aedes
1605 3247 1946 3327 mancipio
1980 3197 2299 3325 poscere.

548 3378 599 3438 i.
647 3400 708 3439 e.
753 3376 838 3440 ab
880 3374 1174 3441 homine.

549 3515 773 3580 Emtio
832 3517 1132 3583 venditio
1164 3536 1169 3541 ·
1198 3515 1364 3583 licet
1403 3513 1585 3581 nihil
1628 3534 1969 3580 commune
2013 3512 2285 3580 haberet
2328 3532 2477 3578 oum

549 3628 1033 3716 mancipatione
1059 3677 1080 3710 ‚
1168 3632 1566 3718 saepissime
1634 3644 1851 3695 tamen
1917 3629 1999 3693 ad
2066 3626 2475 3694 venditionis

551 3722 1102 3832 complementum
1142 3746 1546 3833 mancipatio
1590 3743 1892 3821 adhibita
1934 3744 2113 3820 fuit3
2162 3765 2269 3809 res
2314 3761 2474 3805 ven-

550 3861 692 3925 dita
736 3862 914 3926 enim
956 3859 1067 3926 vel
1114 3858 1519 3948 simpliciter
1564 3860 1941 3928 tradebatur
1964 3907 1985 3940 ‚
2075 3857 2183 3922 vel
2227 3856 2475 3920 manci-
