2842 4767
1390 305 1495 381 79

478 542 825 637 quamdam
869 546 1247 624 talariam,
1294 542 1454 609 Mil.
1502 541 1569 610 2.
1615 549 1683 611 2.
1727 551 1794 611 9.
1842 545 2102 612 delusa
2129 546 2409 613 talorum

476 661 589 728 vel
634 674 1074 739 tesserarum,
1124 660 1203 725 de
1228 682 1358 748 qua
1381 659 1558 724 idem
1585 662 1964 745 suspicatur
1991 659 2358 727 Salmasius
2388 682 2410 739 3

480 790 548 842 at
618 776 776 841 vide
846 774 1135 840 Gronov.
1202 775 1272 839 h.
1340 773 1391 838 l.
1458 773 1654 862 longe
1698 773 1893 841 aliter
1940 775 2410 861 explicantem.

552 888 657 957 De
727 889 1021 977 singulis
1053 936 1073 970 ‚
1164 890 1286 954 hac
1333 889 1486 976 lege
1530 893 1918 956 constitutis
1946 937 1966 970 ,
2032 912 2163 954 non
2207 912 2411 975 parva

479 994 611 1071 est*
672 1006 1011 1070 dissensio
1078 1007 1257 1069 inter
1319 1007 1506 1069 viros
1567 1005 1820 1070 doctos.
1928 1005 2232 1090 Insignis
2294 1004 2416 1070 hac

478 1121 559 1187 de
627 1144 701 1186 re
771 1135 875 1186 est
937 1118 1301 1207 peculiaris
1369 1138 1586 1184 sermo
1650 1120 1916 1185 Savinii
1983 1118 2134 1203 (3),
2222 1140 2417 1207 quem

473 1248 688 1300 tamen
755 1236 1163 1320 argumentis
1227 1256 1356 1298 non
1419 1235 1683 1297 minimi
1739 1234 2051 1319 ponderis
2099 1231 2415 1298 refellere

463 1362 887 1414 conatusJest
932 1349 1127 1414 doct-
1154 1371 1281 1413 van
1326 1347 1493 1417 Hall
1538 1351 1610 1413 in
1656 1370 1888 1413 comm.
1934 1348 2126 1413 modo
2169 1346 2352 1413 laud.
2385 1392 2406 1426 ,

463 1466 686 1528 minus
778 1477 957 1528 recte
1023 1476 1290 1538 tamen,
1381 1474 1458 1523 ut
1525 1461 1841 1538 videtur,
1933 1463 2409 1545 interpretatus

473 1575 763 1644 Rudent.
830 1576 1048 1641 locum
1077 1620 1097 1653 ,
1167 1576 1288 1659 qui
1330 1573 1501 1636 bene
1547 1574 1899 1658 expositus
1928 1618 1949 1652 ,
2018 1595 2146 1638 non
2192 1578 2412 1640 minus

472 1691 726 1756 diserte
771 1680 1104 1766 testatur,
1170 1686 1540 1751 minoribus
1585 1690 1670 1753 25
1716 1691 1908 1753 annis
1955 1709 2084 1751 non
2129 1687 2414 1753 licuisse

468 1801 835 1888 stipulari,
931 1822 1124 1889 quam
1191 1800 1513 1866 Pseudoli
1557 1824 1844 1882 versus,
1918 1803 2230 1881 eosdem,
2304 1780 2411 1867 ni·-

471 1919 535 1982 si
579 1918 1069 1981 interveniente
1115 1927 1455 1994 curatore,
1502 1927 1792 1979 mutuam
1814 1919 2161 2001 pecuniam
2186 1938 2408 1983 sume·
2443 1980 2448 1985 .

464 2052 536 2095 re
604 2051 736 2094 non
798 2031 1124 2115 potuisse.
1227 2025 1528 2115 Uterque
1591 2032 1862 2116 egregie
1928 2030 2095 2093 facit
2160 2030 2243 2094 ad
2286 2029 2404 2096 fir-

466 2142 767 2206 mandam
837 2141 1102 2206 Savinii
1163 2144 1608 2219 sententiam,
1697 2145 1811 2230 qui
1877 2143 2186 2208 Suetonii
2230 2144 2411 2232 frag·

404 2326 407 2329 Α
464 2269 730 2336 menta,
815 2278 853 2319 a
916 2255 1264 2322 Prisciano
1329 2256 1489 2321 Lib.
1563 2255 1747 2322 VIII
1815 2272 2123 2337 servata,
2212 2257 2409 2343 (edit.

465 2370 776 2438 Putschii
821 2370 990 2458 Pag.
1035 2375 1163 2437 743
1207 2383 1274 2436 et
1315 2371 1474 2457 744)
1524 2372 1750 2437 eodem
1794 2393 1996 2437 sensu
2040 2373 2322 2459 accepit.

553 2539 685 2605 lv.
730 2547 798 2608 6.
842 2563 949 2605 vs.
999 2543 1104 2606 15.

721 2679 823 2749 Ut
861 2688 1246 2770 concepisti
1289 2683 1498 2749 verba
1525 2728 1547 2761 ,
1616 2679 1876 2768 viginti·
1918 2687 2138 2750 minas

723 2797 982 2864 Dabin’
1009 2803 1043 2863 ἕ
1106 2799 1353 2867 Ballio.
1442 2799 1846 2866 Dabuntur.

552 2937 1068 3006 controversum
1103 2942 1320 3008 fnisse
1342 2942 1651 3019 videtur,
1697 2963 1850 3007 num
1875 2945 1950 3007 in
1973 2939 2408 3027 stipulatione

461 3076 752 3142 congrue
796 3055 1308 3141 responderetur
1351 3056 1914 3146 impersonaliter.
1976 3057 2126 3122 'Sed
2148 3055 2408 3123 Aleiat.

464 3169 737 3258 Parerg.
783 3167 884 3235 11.
940 3174 1057 3251 18,
1106 3186 1173 3236 et
1218 3171 1427 3240 Raev.
1473 3173 1642 3239 Var.
1688 3173 1845 3238 Lib.
1896 3171 1995 3237 ΙΙ.
2023 3175 2099 3251 5,
2146 3193 2236 3236 ex
2280 3170 2406 3236 hoo

472 3280 618 3349 loco
641 3298 823 3351 reete
843 3285 1295 3372 probaverunt
1310 3332 1331 3366 ,
1381 3289 1715 3376 ejusmodi
1737 3287 2237 3376 stipulationem
2253 3292 2411 3374 jure

468 3392 729 3475 valere,
774 3404 886 3465 eui
928 3404 1236 3489 opinioni
1279 3400 1518 3470 scenae
1558 3417 1739 3470 certe
1785 3426 1932 3491 sqq.
1959 3401 2136 3467 haud
2155 3401 2406 3468 medio-

477 3509 684 3575 criter
726 3513 952 3580 favent
975 3538 993 3584 t
1016 3518 1366 3607 'nusquam
1409 3521 1588 3585 enim
1632 3512 1894 3585 solvere
1936 3530 2195 3583 recusat
2217 3515 2412 3595 leno,

541 3793 621 3861 (3)
657 3764 767 3848 Voss
793 3790 911 3848 dem
939 3799 1140 3851 Scluat:
1162 3803 1259 3853 der
1279 3766 1744 3868 Mt‘ndeaejiihriqen
1769 3804 1845 3852 im
1872 3792 2188 3875 Romisclten
2216 3795 2402 3858 Recbt,

474 3892 589 3940 und
620 3892 708 3942 im
742 3892 1021 3946 διεσπάρη
1054 3899 1116 3947 in
1148 3898 1244 3950 dor
1276 3898 1358 3948 les
1392 3896 1686 3950 Plaetoria.
1721 3912 1726 3917 ·
1759 3897 1890 3949 Berl.
1931 3897 2080 3948 1832.
