2842 4767
382 286 455 328 lv
1244 294 1417 305 ······—

378 507 542 551 mam
600 495 775 571 post
841 487 1148 561 mutavi,
1224 504 1424 568 quum
1480 504 1685 549 meam
1716 491 2158 572 propositum
2208 496 2309 551 tc-

377 599 597 679 nen's,
649 601 897 682 facere
957 618 1095 663 non
1143 618 1461 683 possem,
1532 605 1698 685 quin
1730 603 1999 685 plura,
2066 601 2149 666 ab
2191 624 2309 666 ar-

367 724 689 797 gumento
756 722 1126 779 remotiora
1172 757 1194 791 ‚
1287 714 1559 778 vinculi
1628 720 1860 781 instar
1927 722 2306 782 intersere·-

376 852 540 895 rem.
627 828 720 895 In
750 834 1008 914 paucis
1056 830 1227 894 aliis
1274 830 1549 896 notulis
1577 874 1596 906 ‚
1669 830 1912 916 quibas
1956 852 2104 897 cnm
2130 836 2309 915 jure

378 945 567 1010 nihil
606 944 872 1032 quidem
915 962 1253 1008 commane
1301 953 1452 1019 est,
1518 944 1642 1007 sed
1682 946 2108 1011 illustrandi
2143 968 2310 1030 gra-

379 1065 532 1138 tia,
598 1064 666 1124 si
707 1059 891 1137 fieri
926 1062 1206 1142 possit,
1277 1055 1406 1121 hnc
1453 1058 1801 1140 adjectis,
1851 1083 1931 1124 ea
1975 1060 2142 1125 mibi
2189 1063 2311 1127 lex
2373 1137 2376 1140 ,

358 1175 526 1256 fnit
553 1220 574 1253 ‚
659 1185 743 1239 nt
803 1174 885 1238 de
930 1173 1172 1238 iisdem
1221 1172 1442 1250 locis,
1513 1191 1681 1256 qnae
1731 1193 1767 1235 e
1797 1176 2004 1254 juris
2050 1193 2309 1259 quoqne

377 1290 760 1376 disciplina
828 1291 1041 1358 lucem
1106 1287 1242 1354 sibi
1271 1285 1660 1371 petebant,
1730 1286 2041 1352 breviter
2084 1309 2306 1353 mone-

376 1427 560 1486 rem,
634 1405 969 1493 siquando
1032 1404 1223 1468 docti
1259 1400 1674 1481 fabularum
1717 1405 2147 1486 interpretes
2190 1426 2304 1467 ea-

376 1521 521 1587 dem
584 1527 809 1585 minas
857 1527 1044 1584 recte
1085 1518 1583 1603 explanavisse
1628 1515 1794 1581 mihi
1838 1516 2253 1583 videbantur
2280 1564 2299 1596 ‚

374 1645 504 1701 ant
568 1658 714 1701 cnm
783 1652 919 1698 non
979 1630 1255 1695 eandem
1305 1629 1613 1695 omnibns
1653 1640 1848 1696 stare
1890 1640 2303 1700 sententiam

366 1745 1010 1817 animadvertebam.

455 1862 841 1946 Superest,
930 1868 1013 1924 nt
1079 1858 1339 1925 obviam
1405 1883 1550 1924 eam
1618 1866 1758 1936 iis,
1827 1869 1893 1923 si
1950 1867 2071 1945 qni
2098 1862 2305 1939 sorte

363 1984 715 2044 mirantur
741 2025 763 2057 ‚
835 1976 1016 2064 qnod
1058 1975 1412 2059 palliatas
1458 1970 1837 2035 comoedias
1878 1993 1917 2035 e
1942 1977 2119 2056 jure
2163 1976 2304 2041 Ro-

363 2116 558 2160 mano
607 2090 1083 2161 illustrandas
1125 2091 1571 2172 susceperim.

446 2208 799 2276 Elocutus
864 2212 977 2267 est
1043 2201 1168 2267 hac
1238 2202 1319 2265 de
1384 2222 1461 2264 re
1522 2198 1845 2265 Niebuhr
1898 2200 2051 2287 (1),
2121 2207 2302 2289 qnod

363 2325 485 2390 illi
527 2322 1029 2386 adsentiuntur
1072 2316 1165 2381 ad
1207 2337 1413 2382 nnnm
1458 2336 1723 2397 omnes,
1786 2320 1908 2402 qni
1950 2321 2027 2382 in
2072 2318 2298 2385 Plau-

365 2441 426 2502 ti
480 2438 776 2521 scriptis
842 2434 1275 2499 diutins-cale
1335 2437 1605 2497 versati
1661 2443 1875 2510 sunt,
1944 2454 2297 2521 numquam

360 2551 564 2615 illam
610 2553 798 2614 vitae
828 2546 1165 2634 publicae
1204 2552 1610 2613 institutae
1638 2546 1928 2613 Graecis
1950 2554 2026 2614 in
2047 2550 2295 2614 Roma-

366 2686 515 2740 nam
585 2685 851 2729 scenam
896 2665 1384 2728 transtulisse.
1473 2663 1581 2727 At
1623 2683 1759 2727 non
1795 2662 2087 2749 publica
2140 2674 2297 2730 tan-

365 2790 551 2857 tam,
597 2779 719 2842 sed
751 2783 1044 2862 privata
1092 2798 1399 2865 qnoque,
1464 2780 1541 2843 in
1586 2776 1697 2842 his
1722 2777 2008 2857 fabulis
2055 2778 2290 2858 obvia,

365 2892 515 2959 orbi
578 2893 881 2957 Romano
951 2903 1120 2957 sunt
1174 2896 1482 2978 propria
1512 2917 1537 2957 .·
1596 2897 1881 2976 patrios
1926 2900 2295 2977 magistra-

366 3019 480 3075 tus
523 3012 880 3073 memorari
922 3008 1226 3073 andiunt
1272 3009 1608 3086 Romani,
1665 3014 1917 3093 patria
1966 3013 2290 3084 comitia,

360 3125 687 3206 indicia;
761 3122 946 3188 haud
1005 3127 1228 3187 minus
1299 3144 1461 3186 vero
1496 3127 1787 3208 patrios
1828 3142 2093 3198 mores,
2153 3143 2289 3205 pa-

370 3243 554 3326 triae
601 3240 795 3305 nrbis
844 3239 993 3303 loca
1020 3261 1051 3310 ‚·
1094 3248 1181 3304 nt
1222 3247 1659 3322 spectatores
1708 3241 1835 3301 via:
1860 3215 2290 3314 sensissent,

363 3350 718 3423 maximam
767 3353 1257 3418 oblectationis
1283 3396 1304 3429 ,
1351 3347 1928 3437 qnafruerentnr
1954 3396 1975 3429 ‚
2020 3360 2292 3435 partem

366 3494 437 3537 se
502 3472 868 3535 extraneis
912 3466 1152 3533 debere
1180 3512 1199 3544 ‚
1267 3470 1411 3531 nisi
1456 3466 1875 3549 diliqentins
1924 3465 2048 3532 hoc
2091 3489 2316 3556 saepe!

355 3587 642 3673 proloqi
686 3593 1084 3663 monerent,
1160 3586 1301 3647 nisi
1346 3581 1727 3646 histriones
1770 3603 2031 3669 semper
2079 3582 2298 3648 Grae-

434 3871 512 3936 (l)
545 3872 687 3921 Ram.
727 3867 912 3919 Gesch.
950 3869 1089 3918 Tom.
1129 3866 1229 3919 111.
1265 3886 1318 3933 p.
1356 3870 1473 3921 389.
1514 3873 1624 3918 not.
1664 3866 1780 3917 557.
