2842 4767
1282 282 1389 357 74

373 533 663 619 tiquitus
731 526 909 592 enim
970 546 1081 591 res
1148 526 1441 590 furtivas
1498 525 1582 591 ab
1626 530 1803 613 ipsis
1849 527 2139 597 dominis
2188 551 2309 595 nu·

371 648 478 713 dis
505 688 528 725 ‚
575 644 768 710 lance
817 654 886 707 et
928 638 1093 707 licio
1142 639 1386 725 (linteo
1414 687 1436 721 ,
1506 654 1582 707 ut
1623 642 1837 731 Gajus
1885 646 2129 711 scribit
2172 646 2310 714 ΙΙΙ.

376 768 415 844 ς
462 760 619 844 192)
669 758 1021 823 instructis
1051 804 1072 835 ,
1125 759 1469 844 quaesitas
1517 758 1734 824 fuisse
1762 805 1783 839 ,
1833 758 2115 825 ulterius
2161 783 2316 847 pro-

368 876 486 940 bat
550 873 796 939 Glossa
841 873 1074 938 Instit.
1126 870 1368 937 Terin.
1413 870 1506 937 N.
1543 877 1701 940 466.
1731 920 1752 954 ,
1823 897 1990 962 quae
2035 875 2315 942 debetur

370 991 649 1057 Savinio
677 1036 698 1069 ,
750 986 997 1053 Gesch.
1047 987 1164 1053 des
1209 985 1403 1051 Rom.
1434 987 1687 1054 Rechts
1715 990 1807 1053 im
1831 988 2307 1068 Mittel-alter,

368 1103 560 1172 Tom.
589 1104 727 1170 III.
776 1102 1083 1188 Append.
1131 1101 1295 1188 Pag.
1321 1105 1475 1168 716.
1546 1131 1579 1167 x
1609 1103 1715 1169 Ita
1738 1107 1915 1168 enim
1941 1103 2191 1184 fiebat,
2241 1094 2320 1168 ut¹

370 1242 404 1282 s
452 1220 557 1297 is,
607 1220 725 1306 qui
771 1220 842 1281 in
890 1215 1178 1281 alienam
1223 1212 1484 1280 domuin
1509 1217 1833 1285 introibat
1857 1218 1937 1281 ad
1963 1219 2311 1304 requiren-

368 1361 403 1398 ι
450 1334 597 1398 dam
647 1354 787 1397 rem
837 1334 1205 1409 furtivam,
1280 1331 1495 1396 nudus
1544 1331 2097 1418 ingrediebatur,
2169 1332 2310 1395 dis-

264 1422 275 1530 ..
367 1477 402 1514 s
448 1471 597 1516 cum
642 1447 858 1515 fictile
905 1451 977 1513 in
1026 1450 1246 1534 capite
1284 1460 1554 1534 portans
1581 1492 1602 1526 ,
1652 1448 1959 1533 utrisque
2002 1447 2309 1513 manibus

366 1592 400 1628 ι»
448 1564 833 1630 detentus.”
925 1561 1153 1627 Plauti
1225 1575 1442 1626 tamen
1492 1574 1782 1646 tempore
1848 1582 1975 1625 non
2020 1561 2307 1648 amplius

364 1680 503 1764 ipsi
550 1678 805 1762 domini
869 1675 1030 1740 nudi
1098 1676 1581 1762 requirebant,
1650 1676 1769 1741 sed
1818 1678 2306 1764 conquisitores

272 1871 280 1881 ι
364 1813 404 1857 a
449 1790 765 1856 Praetor-e
811 1789 1134 1852 dabantur
1161 1834 1182 1868 ,
1276 1791 1395 1876 qui
1455 1791 1882 1877 antiquitatis
1910 1837 1931 1871 ,
2001 1804 2076 1857 ut
2121 1792 2310 1857 vide-

366 1917 517 1983 tur,
610 1902 1093 1968 consuetudine
1179 1902 1352 1990 quod
1416 1905 1501 1967 ad
1566 1903 1823 1969 lancem
1892 1914 1960 1968 et
2022 1903 2307 1969 linteum

361 2017 760 2096 observata,
830 2034 972 2083 rem
1019 2016 1305 2084 ablatam
1351 2017 1780 2104 quaerebant.

313 2138 321 2148 '
445 2132 841 2199 Eorumdcm
874 2135 1273 2198 mentionem
1299 2148 1559 2219 quoque
1582 2132 1752 2195 fecit
1774 2140 2005 2217 poeta,
2058 2133 2305 2218 Amph.

366 2246 551 2313 Prol.
624 2271 730 2312 vs.
777 2250 861 2313 65
908 2260 974 2310 et
1018 2252 1148 2323 82,
1220 2245 1337 2308 ubi
1382 2243 1764 2311 Mercurius
1794 2292 1813 2326 ,
1882 2248 1998 2332 qui
2040 2247 2303 2333 prologi

362 2363 820 2451 partesagit,
870 2373 1058 2446 rogat
1085 2407 1105 2439 ,
1152 2373 1226 2424 ut
1271 2362 1767 2448 conquisitores
1813 2383 1933 2448 per
1976 2359 2307 2426 subsellia

365 2497 606 2542 caveae
650 2478 723 2539 in
769 2473 1161 2561 spectaculo
1199 2488 1352 2539 eant
1379 2518 1401 2554 ,
1439 2478 1960 2562 quicaverent,
2008 2496 2092 2539 ne
2114 2472 2307 2560 plau·

366 2591 910 2656 soresmnducti
954 2590 1284 2655 ambirent
1325 2589 1610 2676 palmam
1654 2589 2137 2669 histrionibus,
2185 2611 2310 2657 nec

366 2708 506 2794 ipsi
554 2706 935 2772 histriones*
971 2706 1306 2792 ejusmodi
1349 2702 1694 2792 plausores
1742 2705 2210 2772 conducerent.

394 2860 401 2867 -
455 2819 603 2898 Quo
669 2819 816 2886 loco
861 2818 1355 2908 conquisitores
1400 2840 1524 2886 nec
1570 2819 1746 2886 male
1793 2820 1875 2886 de
1920 2823 2139 2888 servis
2182 2844 2305 2909 pu-

364 2934 571 3003 blicis
639 2935 943 3024 intelligi
1013 2938 1374 3016 videntur,
1469 2934 1659 3016 nisi,
1751 2937 1926 3024 quod
1994 2937 2307 3025 equidem

368 3051 767 3117 crediderim
797 3095 817 3128 ,
871 3049 1104 3137 joculo
1149 3053 1642 3140 conquisitores
1690 3052 1849 3119 huic
1898 3055 2002 3118 rei
2049 3053 2303 3116 immis-

370 3170 587 3232 cuerit
652 3166 815 3230 deus
850 3165 1197 3254 ‘prologus
1226 3212 1248 3246 ‚
1316 3166 1493 3233 haud
1562 3166 1762 3233 aliter
1804 3187 2071 3232 caveam
2111 3185 2302 3251 pera·
2385 3186 2390 3189 ’

374 3262 677 3369 graturos
706 3328 727 3362 ,
801 3302 876 3347 ac
920 3279 1124 3369 vulgo
1167 3304 1287 3368 per
1330 3276 1481 3348 vias
1523 3279 1831 3367 publicas
1878 3278 2206 3347 ambiunt.

461 3450 593 3517 lv.
641 3459 707 3520 3.
755 3474 861 3520 vs.
909 3456 1017 3521 35.
1575 3448 1820 3515 Judex
1847 3450 1881 3514 3
1908 3452 2062 3535 jam
2106 3456 2302 3519 scio:

457 3564 612 3632 Hac
660 3575 741 3633 tw
779 3574 856 3635 in
883 3570 1251 3636 concilium
1272 3571 1483 3634 ictam
1506 3565 1944 3633 advocavisti
1969 3565 2129 3634 tibi.
2177 3567 2307 3654 (2).

390 3930 397 3937 ·
439 3865 520 3934 (2)
557 3866 836 3932 Sequatur
870 3879 942 3915 vs.
983 3882 1060 3929 oq.
1098 3872 1398 3918 memoratu·
1416 3901 1433 3927 ‚
1472 3871 1545 3918 sic
1582 3865 1945 3929 intelligendus
1977 3863 2176 3914 videtur
2193 3896 2208 3920 .
2248 3865 2309 3911 ut
