2842 4767
1297 229 1396 304 12

390 476 628 556 labat,
677 484 750 538 at
794 471 935 537 sibi
975 468 1213 536 liceret
1257 490 1396 534 eam
1442 470 1515 534 iu
1561 492 1744 536 reum
1790 472 2177 554 intendere,
2246 492 2313 543 et

388 605 573 658 reum
619 587 891 654 vadari.
979 585 1383 651 Aretissimo
1429 585 1606 650 enim
1649 584 1918 652 vinculo
1964 587 2131 654 haec
2149 593 2312 677 jun-

390 720 635 795 guntur
663 751 683 784 ‚
743 715 816 767 ut
850 699 1188 788 judicium
1235 702 1384 765 sine
1427 696 1806 766 vadimonio
1850 705 2136 789 cogitari
2180 705 2322 769 fere

391 831 700 909 nequeat.

470 971 610 1070 111.
656 975 723 1034 2.
769 991 875 1034 vs.
921 975 988 1035 2.

509 1101 1032 1179 Ad'vairos
1058 1112 1211 1192 jam
1254 1127 1375 1192 eqo
1420 1106 1729 1187 deferam
1776 1118 1967 1173 tuum
2011 1130 2306 1177 nomen..

666 1229 677 1240 ‘
1058 1233 1065 1240 '
1315 1219 1484 1308 Coq.
1565 1217 2043 1296 Quamobrem.
2031 1224 2064 1269 ⁹

506 1323 965 1417 Eu01.Quia
1008 1339 1313 1403 cultrum
1358 1333 1586 1401 habes.

386 1455 654 1566 coquus
718 1459 1034 1536 Euclioni
1091 1438 1528 1533 comminatur
1553 1514 1575 1548 ,
1646 1459 1931 1536 cultrum
1976 1491 2170 1537 manu
2219 1487 2317 1538 te-

380 1608 547 1652 nens
575 1631 597 1666 ‚
670 1605 798 1671 quo
843 1604 1006 1646 vero
1054 1602 1255 1668 quum
1300 1593 1509 1646 artem
1554 1591 1740 1646 suam
1785 1585 2187 1670 exercebat,
2236 1586 2320 1650 ad

384 1699 707 1765 tresviros
753 1698 899 1782 rapi
931 1716 1061 1759 non
1103 1707 1402 1802 poterat.
1453 1699 1839 1784 ceteroquin
1882 1701 2130 1784 optimo
2167 1705 2323 1786 jure

377 1833 527 1879 cum
593 1813 828 1876 cultro
874 1830 1021 1874 esee
1092 1810 1342 1874 crimen
1389 1808 1678 1896 capitale
1722 1814 1795 1876 in
1843 1834 2037 1877 servo
2081 1812 2192 1877 vel
2236 1813 2325 1878 li-

374 1927 627 2012 bertini
696 1927 965 2012 generis
1033 1923 1301 1989 homine
1368 1925 1639 1988 videtur
1709 1923 2088 1990 Niebuhrio
2133 1926 2323 1992 Tom.

376 2040 514 2106 111.
562 2025 730 2130 Pag.
775 2044 898 2105 481
949 2041 1021 2101 in
1066 2047 1224 2100 nota
1264 2041 1418 2101 699.
1511 2034 1687 2101 Nam
1736 2058 1827 2102 ex
1872 2035 2026 2125 lege
2069 2029 2323 2106 'Corne-

377 2153 474 2219 lia
546 2153 628 2219 de
675 2154 947 2217 sicar-iis
997 2163 1166 2230 etc.,
1215 2149 1392 2216 haud
1437 2152 1536 2215 ita
1581 2150 1699 2214 diu
1740 2164 1892 2237 post
1938 2149 2169 2215 Plauti
2212 2177 2323 2220 ae-

376 2279 578 2331 tatem
641 2262 822 2343 lata,
914 2285 1042 2328 non
1106 2264 1298 2328 modo
1366 2266 1486 2351 qui
1530 2263 1862 2329 hominem
1907 2264 2274 2331 occiderint
2298 2311 2318 2345 ,

375 2379 497 2445 sed
561 2382 764 2464 etiam
830 2380 948 2467 qui
1014 2383 1161 2465 ejus
1230 2381 1333 2443 rei
1397 2400 1789 2492 causacum
1835 2377 1971 2445 telo
2014 2380 2315 2459 fuerint,

364 2477 487 2559 'vel
575 2481 1060 2580 ambulaverint
1089 2538 1108 2571 ,
1220 2511 1440 2581 poena
1522 2495 1765 2594 capitis
1849 2493 2317 2606 puniebantur.

366 2595 408 2670 ¹2»
456 2606 605 2674 Cic.
664 2629 787 2694 pro
831 2603 1090 2673 Milone
1135 2628 1195 2670 9.
1240 2609 1310 2669 4.
1338 2603 1441 2670 de
1486 2605 1609 2672 hac
1653 2604 1854 2694 lege·
1928 2635 1962 2669 2
2008 2628 2138 2672 non
2178 2629 2319 2675 mo-

377 2750 408 2785 »
456 2722 587 2801 do,
636 2722 769 2798 ait,
816 2719 1148 2785 hominem
1193 2703 1461 2804 occidi,
1514 2721 1635 2786 sed
1681 2734 1748 2788 et
1793 2743 1945 2787 esse
1993 2742 2140 2789 cum
2186 2720 2319 2789 telo

366 2865 409 2930 ,³⁵
458 2835 750 2904 hominis
798 2823 1146 2922 occidendi
1191 2856 1391 2901 causa
1434 2835 1664 2901 vetat.'

456 2987 596 3056 111.
641 2994 711 3054 2.
756 3009 863 3058 vs·
905 2993 1013 3056 31.
2137 3047 2146 3057 .

1462 3101 1555 3170 Te
1582 3105 1740 3188 jam
1763 3148 1784 3181 ‚
1836 3105 1979 3166 nin·
2024 3101 2227 3166 reddi

457 3215 649 3283 Mihi
674 3213 1058 3301 vaeajuben
1085 3263 1107 3297 ,
1120 3218 1380 3312 pipulo
1405 3215 1519 3283 hic
1543 3218 1865 3301 differam
1886 3222 2052 3280 ante
2077 3215 2303 3280 aedes.

375 3341 699 3412 Convicia
765 3360 991 3414 contra
1053 3345 1259 3412 bonos
1302 3370 1520 3415 mores
1548 3396 1570 3428 ,
1665 3349 1873 3412 sicuti
1918 3346 2194 3411 Praetor
2237 3350 2310 3412 in

373 3455 594 3527 edicto
640 3455 783 3528 'illa
852 3458 1271 3550 significavit
1297 3504 1319 3540 ‚
1412 3475 1478 3526 et
1520 3462 2040 3550 vociferationes
2083 3460 2310 3548 publi-

374 3597 488 3639 cae
515 3621 534 3654 ,
603 3577 771 3661 quae
817 3576 901 3641 ad
943 3575 1287 3642 infamiam
1331 3575 1741 3642 invidiamve
1785 3576 2076 3664 alicujus
2125 3589 2310 3663 'spec-

372 3703 558 3768 taut‚
651 3686 880 3754 Plauti
947 3705 1239 3781 tempore
1303 3692 1897 3782 frequentissimae
1940 3693 2161 3756 fuisse
2204 3689 2307 3751 vi-

366 3804 647 3879 dentum
742 3785 819 3868 iu
856 3803 966 3869 his
1011 3820 1232 3873 autem
1279 3807 1530 3874 fabulis
1579 3807 1974 3893 praesertim
2020 3811 2174 3868 sunt
2217 3795 2305 3862 il-
