2842 4767
1339 244 1489 322 112

390 518 405 531 ·
448 520 481 557 ι»
534 495 754 581 inquit
796 492 992 576 Lips.
1040 488 1123 554 ad
1164 485 1330 553 Tac.
1376 487 1558 553 Anu.
1608 485 1709 555 11.
1754 491 1882 568 85,
1952 517 1985 552 2
2036 493 2109 556 in
2153 488 2412 579 stupra‘

446 638 479 675 ι
524 622 965 674 matronarum
996 624 1005 629 ·
1032 603 1291 669 ordinis
1355 605 1560 687 primi
1604 617 1719 669 aut
1763 604 2042 671 secundi
2085 609 2382 692 graviter

446 750 481 787 s
528 742 789 805 semper
850 719 1379 786 animadversum
1471 719 1691 784 fuisse
1718 764 1740 798 ‚
1837 719 1919 783 ad
1984 720 2381 786 servandum

443 864 478 901 2
521 833 867 922 publicum
911 835 1159 900 decus:
1208 855 1337 898 non
1383 846 1517 898 tam
1568 835 1864 920 graviter
1907 836 1981 900 in
2023 834 2381 901 libertina·-

445 980 477 1016 υ
522 973 668 1018 rum
713 964 828 1016 aut
863 948 1218 1014 mulierum
1255 966 1293 1012 e
1336 945 1535 1033 plebe
1561 993 1583 1029 ‚
1634 948 1877 1037 quibus
1924 948 2086 1015 haec
2128 949 2382 1016 militia

300 1070 307 1076 ’
441 1096 476 1133 2
524 1068 835 1134 Venerea
895 1064 1193 1131 moribus
1267 1076 1521 1129 tantum
1589 1084 1721 1129 non
1784 1065 2189 1149 permissa.”
2251 1065 2378 1151 (1).

439 1183 625 1252 Vide
668 1180 889 1268 ejusd.
931 1180 1099 1245 Exc.
1148 1177 1236 1243 0.
1283 1200 1344 1243 c.
1395 1182 1480 1244 85
1525 1177 1716 1244 Tom.
1765 1178 1866 1245 11.
1912 1178 2079 1266 Pag.
2106 1185 2233 1247 773
2270 1201 2375 1268 sq.

333 1307 352 1327 ³
440 1297 608 1364 edit.
656 1293 892 1361 Oberl.
921 1340 943 1376 ,
990 1305 1058 1358 et
1106 1291 1389 1370 SCtum,
1440 1291 1565 1357 sub
1589 1291 1748 1357 Tib.
1775 1293 2025 1358 factum
2051 1338 2072 1372 ,
2122 1292 2374 1382 Bachio

439 1384 908 1489 memoratum,
955 1406 1147 1472 Hist.
1193 1404 1345 1473 Jur.
1395 1404 1535 1471 111.
1580 1410 1647 1471 1.
1704 1405 1884 1471 Sect.
1936 1412 2003 1473 3.
2050 1410 2176 1490 §5-
2243 1407 2373 1471 Eo-

440 1526 591 1592 dem
655 1524 848 1589 modo
916 1522 1228 1588 videntur
1277 1517 1712 1607 intelligendi
1755 1541 1989 1586 versus
2036 1521 2370 1606 appositi:

433 1639 820 1707 Dinarchus
894 1635 1256 1702 Phronesii
1301 1655 1538 1700 nomen
1584 1634 1848 1701 deferre
1893 1631 2042 1698 vult
2066 1679 2088 1714 ,
2156 1656 2321 1721 quae
2348 1681 2370 1714 ‚

439 1757 742 1844 quamvis
807 1752 1266 1843 meretricium
1331 1761 1681 1837 quaestum
1729 1770 2056 1815 exercens
2087 1795 2110 1829 ‚
2180 1762 2379 1838 atque

439 1888 677 1956 corpus
721 1863 1006 1952 vulgans
1033 1910 1055 1943 ‚
1121 1867 1338 1952 ipsam
1377 1864 1866 1951 professionem
1908 1863 2160 1952 flagitii
2204 1862 2376 1951 apud

435 1981 718 2050 Aediles
783 2002 914 2047 non
978 1981 1228 2046 fecerat
1255 2026 1278 2060 ,
1344 1992 1545 2067 atque
1600 1980 1816 2066 igitur
1860 2001 1955 2044 ex
1997 1977 2149 2067 lege
2191 1980 2371 2044 dam-

343 2125 349 2133 ·
435 2097 652 2164 nanda
739 2109 878 2162 erat
961 2095 1046 2159 ad
1129 2092 1444 2182 populum
1472 2140 1494 2173 ,
1588 2095 1798 2158 sicuti
1886 2093 2195 2183 exempla
2286 2118 2374 2161 ex

437 2214 642 2281 Livio
685 2209 890 2277 allata
932 2209 1191 2276 abunde
1236 2207 1600 2275 declarant.
1691 2203 2043 2274 vilissimi
2075 2206 2230 2275 scil.
2257 2226 2371 2297 ge-

440 2330 625 2393 neris
698 2326 867 2390 hanc
932 2344 1063 2389 non
1129 2325 1397 2402 fuisse,
1493 2337 1635 2390 tuto
1696 2324 1854 2389 inde
1919 2325 2316 2410 conjicimus
2348 2369 2370 2402 ,

366 2512 371 2519 ,
441 2440 615 2530 quod
677 2437 990 2505 ancillam
1058 2436 1343 2504 habebat
1366 2482 1388 2515 ‚
1460 2429 1600 2503 tum
1658 2441 1855 2504 etiam
1882 2484 1902 2518 ,
1971 2436 2144 2524 quod
2186 2434 2374 2501 leno-

438 2577 587 2623 nem
632 2555 933 2625 lenamve
974 2556 1047 2621 in
1090 2553 1213 2633 hac
1259 2551 1489 2619 fabula
1532 2575 1663 2618 non
1708 2553 2103 2639 reperimus.

501 2671 907 2739 Postremus
971 2691 1153 2735 vers.
1222 2668 1458 2736 docere
1523 2668 1788 2734 videtur
1812 2713 1835 2747 ,
1925 2687 2058 2732 non
2121 2676 2374 2732 tantum

297 2783 309 2794 ⁴
437 2787 520 2852 ad
564 2786 944 2851 Praetorem
968 2831 991 2865 ‚
1081 2786 1287 2850 sicuti
1330 2795 1606 2871 postea‚‘
1676 2780 1797 2847 sed
1839 2781 1922 2847 ad
1967 2803 2193 2848 omnes
2235 2803 2374 2847 ma-

378 2913 386 2920 '
440 2902 765 2992 gistratus
796 2947 818 2981 ‚
907 2900 1152 2989 quibus
1213 2912 1511 2987 potestas
1583 2910 1726 2962 erat
1778 2897 2024 2984 agendi
2068 2918 2216 2963 cum
2257 2919 2374 2984 po·

438 3016 599 3106 p'ulo
626 3064 646 3098 ,
715 3036 951 3081 nomen
1017 3011 1469 3080 maleficorum
1515 3013 1780 3079 deferre
1821 3010 2108 3078 licuisse
2133 3058 2155 3091 ‚
2224 3012 2372 3098 qui-

435 3131 565 3197 bus
632 3130 745 3197 die
811 3130 993 3196 dicta
1019 3175 1040 3208 ‚
1108 3126 1393 3216 populus
1462 3125 1575 3193 vel
1618 3130 1768 3214 ipse
1803 3125 2150 3213 judicabat
2174 3171 2195 3204 ‚
2260 3121 2373 3188 vel

440 3247 855 3331 quaesitores
900 3241 1374 3310 constituebat.
1468 3240 1662 3319 Quod
1685 3287 1707 3323 ,
1776 3238 2161 3329 quamquam
2201 3237 2374 3303 mihi

501 3577 579 3649 (1)
611 3584 833 3635 Heneti
813 3586 920 3652 ipse
953 3583 1045 3634 Pla
1045 3586 1165 3634 utus
1140 3600 1201 3644 α.
1236 3581 1346 3633 Ciot
1380 3580 1985 3643 1.1.40,merou·1001
2008 3576 2374 3643 vulgaliboeti-

434 3690 505 3729 no
550 3690 735 3743 genere
782 3679 969 3733 fuine·
1036 3677 1270 3746 quoniam
1317 3675 1475 3729 furtiv
1476 3677 1663 3727 ‹1sz
1629 3675 1766 3727 neira
1813 3676 1868 3726 in
1914 3675 2014 3726 hoc
2063 3672 2240 3723 ordine
2272 3686 2378 3723 non

429 3772 845 3844 vindicabantur,
882 3775 1053 3840 iuquit
1091 3775 1310 3828 'ruma
1314 3774 1419 3826 ..h
1458 3773 1498 3824 1.
1567 3774 1817 3824 nattum·
1850 3785 2062 3838 corpore
2095 3782 2259 3845 quaen
2232 3773 2370 3816 em

432 3864 533 3920 feci
516 3886 646 3933 me,
696 3868 923 3924 videmus
957 3870 1171 3921 ctione
1171 3870 1346 3921 xcao.
1381 3866 1435 3920 2.
1469 3866 1524 3921 2.
1557 3864 1643 3918 28.
