2842 4767
1244 302 1404 379 108

366 566 588 618 tamen
655 552 835 615 vitae
899 543 1011 639 vel
1076 543 1383 609 libertati
1452 542 1775 611 debitoris
1803 590 1825 625 ‚
1889 562 1966 613 ut
2007 555 2301 641 antiqui.

368 681 474 735 tus
505 713 526 746 ,
594 658 983 751 periculum·
1030 646 1419 726 imminebat
1443 705 1464 740 ,
1535 680 1784 728 caueae
1848 670 2114 749 capitis
2147 668 2298 734 dici

364 792 770 865 coeperunt,
837 774 1004 841 licet
1047 776 1352 861 privatae
1415 789 1691 858 essent,
1762 790 1832 844 et
1871 801 2054 847 mere
2100 804 2302 868 pecu-

356 894 642 960 niariae.
750 887 1392 956 Luculentissimum
1460 904 1566 957 est
1608 885 1989 981 exemplum
2032 898 2105 962 in
2149 918 2301 963 cau·-

352 1020 441 1075 ‘sa
492 1003 898 1081 Quintiana:
947 1004 1040 1069 cf.
1086 1024 1234 1091 cap.
1279 1008 1324 1068 2
1367 1010 1767 1093 et8sq.pro
1793 1006 1995 1075 Rosc.
2022 1008 2208 1077 Com.
2232 1016 2299 1078 6.

445 1121 627 1188 Hinc
713 1115 943 1183 Plauti
1022 1138 1129 1182 vs.
1219 1115 1402 1184 laud.
1496 1121 1767 1189 videtur
1829 1121 2298 1191 illustrandus·

356 1232 533 1302 Vix·
577 1235 756 1300 enim
821 1232 904 1297 de
970 1233 1250 1297 crimine
1319 1255 1554 1299 revera
1597 1237 1876 1322 capitali
1921 1241 2139 1326 accipi
2182 1262 2298 1326 po-

360 1362 542 1429 test,
613 1348 788 1436 quod
851 1368 980 1412 non
1022 1349 1307 1446 nummis
1355 1347 1475 1413 sed
1522 1350 1740 1436 capite
1784 1344 2099 1416 luendum
2145 1365 2293 1431 est,

361 1464 444 1530 de
532 1485 662 1552 quo
756 1463 1130 1550 transigere
1194 1475 1261 1526 et
1324 1464 1585 1549 pacisci
1649 1483 1779 1530 non
1846 1466 2084 1534 datm-t
2181 1468 2300 1532 sed

268 1603 275 1615 ·
354 1576 483 1645 boc
547 1576 741 1647 vult:
810 1579 972 1659 cui,
1041 1579 1106 1642 si
1173 1576 1644 1658 addiceretur,
1717 1580 1782 1644 si
1845 1580 1919 1644 in
1968 1602 2295 1646 carcerem

355 1692 771 1781 abriperetur
794 1738 816 1771 ‚
907 1712 1144 1758 servus
1211 1691 1611 1758 venderetur
1633 1682 1670 1772 ‚¹
1725 1694 1859 1758 imo
1902 1708 2248 1760 necaretur
2269 1740 2292 1774 ‚

349 1829 435 1875 ne
500 1828 833 1874 nummum
896 1805 1166 1894 quidem
1226 1804 1565 1872 crederem
1591 1851 1612 1886 ,
1684 1828 1813 1895 quc
1856 1808 2112 1874 vindex
2156 1832 2297 1875 cre·
2399 1841 2406 1850 ·

355 1923 564 1990 ditari
606 1935 903 2010 ereptum
944 1920 1302 1989 liberarem
1343 1918 1472 2013 (3).

435 2063 531 2131 V.
576 2069 643 2132 1.
687 2087 794 2132 vs.
840 2069 907 2132 7.

679 2206 781 2273 Εἰ
825 2212 934 2274 rei
960 2206 1242 2287 fundae
1273 2216 1496 2293 pater
1535 2172 1644 2273 'sit
1675 2213 1957 2293 potior.

431 2350 722 2419 Fundus
765 2372 886 2436 pro
929 2359 1221 2430 auctor,
1268 2349 1736 2436 adprobator,
1783 2352 2289 2436 adstipulator.

348 2465 455 2533 De
503 2486 634 2553 quo
659 2463 862 2530 verbo
884 2479 1147 2550 praeter
1169 2476 1473 2532 auctores
1501 2464 1582 2530 ab
1607 2467 1765 2531 intt.
1789 2463 2089 2531 laudatos
2107 2509 2128 2542 ,
2179 2486 2289 2530 cc-

344 2583 610 2670 picsius
657 2583 799 2669 egit
843 2580 1049 2647 Gron.
1097 2583 1168 2647 in
1212 2578 1546 2668 peculiari
1590 2581 1865 2647 dissert.
1893 2626 1914 2661 ,
1984 2580 2288 2664 subjecta

347 2720 532 2786 spec.
598 2696 821 2762 Jurid.
891 2719 1077 2769 cons.
1132 2695 1337 2762 Elout
1380 2697 1465 2761 ad
1508 2695 1658 2762 Cic.
1701 2708 1869 2761 orat.
1914 2717 2034 2781 pro
2080 2693 2289 2761 Balbo

256 2891 265 2901 ἱ
348 2813 517 2901 Pag.
564 2817 652 2879 90
693 2834 883 2900 sqq„
930 2814 1004 2877 in
1050 2834 1178 2900 qua
1221 2811 1344 2878 hoc
1387 2811 1815 2899 potissimum
1836 2812 1983 2897 egit
2007 2812 2116 2877 vir
2138 2813 2290 2877 exi·

344 2929 561 3007 mins,
610 2939 684 2991 ut
728 2927 1246 3006 demonstraret,
1296 2926 1466 2991 hanc
1507 2925 1695 2991 vocis
1720 2922 2287 3011 significationem

346 3057 501 3132 apte
564 3042 888 3131 quadrare
950 3041 1259 3108 omnibus
1327 3039 1679 3110 Ciceronis
1744 3034 1918 3107 locis
1943 3085 1965 3119 ,
2038 3039 2283 3126 quibus

344 3150 755 3247 interposita
785 3168 913 3223 est.
1683 3169 1691 3177 ·

419 3296 514 3363 V.
561 3304 605 3366 2
645 3321 751 3366 vs.
795 3303 908 3365 22.
996 3296 1153 3365 Lex
1190 3300 1472 3385 populi.

425 3443 694 3528 Populi
742 3446 865 3510 Iex
911 3442 980 3508 h.
1027 3441 1129 3525 1.,
1182 3445 1448 3527 populi
1492 3444 1675 3528 leyen
1717 3441 2038 3508 Pecu-{3-
2081 3445 2152 3506 4.
2198 3441 2281 3508 15

339 3580 468 3627 non
530 3556 907 3644 peculiares
970 3555 1292 3647 quaedam
1334 3554 1525 3643 leges
1572 3567 1730 3621 sunt
1756 3600 1778 3635 ‚
1846 3554 1970 3649 sed
2011 3556 2279 3620 univer-

280 3910 285 3915 ’
404 3911 483 3980 (3)
507 3915 586 3965 Cf.
615 3909 863 3970 Niebuhr,
891 3909 1033 3961 Ram.
1061 3911 1246 3963 Gesch.
1274 3912 1413 3962 Tum.
1442 3910 1467 3959 1
1487 3909 1755 3974 Famem,
1791 3906 1962 3970 ibique
1976 3907 2099 3953 nota
2120 3899 2268 3950 1280.
