2842 4767
1292 290 1402 364 42

387 535 733 602 mulierem
790 537 868 599 ‘in
928 552 1123 597 manu
1168 529 1368 596 habet
1394 574 1415 608 ,
1487 528 1662 594 haud
1707 551 1906 597 secus
1951 532 2314 598 dominium

280 712 289 720 .
383 675 505 741 per
571 672 714 730 eam
779 647 919 714 sibi
985 647 1323 734 acquirit,
1410 665 1489 708 ac
1556 633 1728 723 ille,
1817 647 1928 711 cui
1978 644 2172 713 filius
2217 643 2332 712 vel

386 788 621 832 servus
669 767 742 829 in
782 775 1116 851 potestate
1160 773 1288 825 est.
1378 759 1626 824 Eadem
1670 762 1926 827 ratione
1949 806 1973 840 ,
2020 784 2149 850 qua
2172 762 2321 840 his,

388 876 511 945 tali
595 879 798 943 etiam
861 874 1135 943 mulieri
1199 872 1542 961 peculium
1611 897 1763 941 esse
1832 876 1988 968 dici⁸
2033 875 2267 963 posset
2293 922 2316 956 ,

388 994 528 1058 nisi
557 1005 767 1056 totum
788 989 1057 1055 fabulae
1079 1000 1537 1076 argumentum
1560 1011 1681 1055 nos
1707 1003 1966 1056 vetaret
1990 1036 2010 1070 ,
2056 990 2331 1056 verbum

387 1106 511 1171 hoc
577 1126 779 1169 sensu
842 1106 1174 1186 accipere.
1293 1082 1577 1167 Sortit'io
1647 1107 1826 1169 enim
1895 1103 2020 1170 illa
2047 1151 2068 1185 ‚
2138 1126 2331 1194 quam

390 1221 611 1287 facere
654 1217 800 1285 vult
843 1218 1125 1282 maritus
1154 1259 1176 1293 ,
1246 1228 1321 1279 ut
1365 1213 1680 1281 alterutri
1723 1231 1902 1284 sorte
1948 1221 2334 1306 assignetur

387 1330 640 1399 ancilla
665 1378 684 1411 ,
757 1333 926 1396 satis
970 1328 1206 1417 probat
1231 1373 1255 1410 ‚
1324 1326 1438 1394 illi
1485 1330 1852 1396 dominium
1897 1332 1970 1394 in
2015 1353 2158 1396 eam
2200 1352 2330 1397 non

386 1460 800 1534 competere:
871 1444 1047 1533 quod
1092 1457 1294 1529 negat
1337 1466 1600 1550 quoque
1644 1465 1826 1530 uxot
1862 1437 1970 1513 vs.¹
2015 1449 2125 1514 16.

463 1590 615 1657 Nec
636 1588 1178 1683 mihijueffeum
1200 1584 1562 1686 .9⁶¹3”{”d5
1586 1591 1778 1674 optio
1796 1565 2174 1686 (potestas)
2190 1600 2323 1678 cst.

378 1738 473 1804 cf.
540 1757 647 1802 vs.
713 1738 831 1800 22.
890 1732 975 1797 Si
1032 1743 1256 1796 autem
1298 1729 1639 1816 peculium
1684 1730 1754 1795 h.
1802 1729 1855 1795 l.
1902 1736 2327 1799 erat'uxoris

379 1854 455 1916 in
519 1870 716 1916 manu
746 1893 766 1927 ,
802 1901 807 1908 .
840 1868 1073 1913 revera
1143 1846 1397 1912 fuisset
1452 1847 1693 1912 marito
1736 1858 2033 1931 potestas
2062 1890 2084 1925 ‚
2154 1845 2331 1913 illud

380 1985 502 2030 suo
566 1963 855 2029 arbitrio
914 1959 1291 2050 auferendi.
1401 1958 1599 2026 Nunc
1663 1982 1822 2026 vero
1885 1959 2190 2027 voluntas
2260 1975 2328 2026 et

284 2115 325 2156 ῃ
384 2078 720 2166 cupiditas
790 2076 856 2143 ei
899 2098 1019 2163 pro
1056 2080 1214 2170 jure
1261 2087 1407 2141 est:
1472 2079 1590 2172 jus
1634 2072 1911 2162 aliquod
1955 2078 2027 2141 in
2073 2098 2330 2174 servam

377 2192 570 2260 illam
635 2192 776 2260 sibi
843 2190 1144 2256 vindicat
1166 2235 1190 2270 ,
1264 2191 1577 2277 quoniam
1638 2191 1904 2266 omnino
1948 2189 2139 2257 illam
2184 2214 2327 2260 ser-

377 2332 462 2375 vo
529 2329 652 2373 suo
705 2280 958 2371 nubere
1000 2301 1268 2384 volebat
1293 2349 1314 2383 ,
1386 2317 1480 2376 ut
1507 2317 1648 2369 tuto
1692 2309 1844 2392 ejus
1888 2307 2144 2393 copiam
2185 2306 2325 2376 sibi

376 2422 599 2487 facere
641 2432 899 2506 posset.

463 2532 740 2606 Ancilla
774 2521 944 2621 haec
990 2537 1216 2623 itaque
1262 2555 1392 2599 non
1437 2547 1578 2601 erat
1621 2538 1694 2599 in
1733 2532 2002 2628 peculio
2048 2538 2320 2626 uxoris,

378 2670 561 2737 quae,
618 2651 693 2714 in
753 2669 1014 2714 manum
1061 2669 1221 2742 cum·
1249 2651 1539 2730 marito,
1607 2650 1728 2715 sed
1754 2636 1950 2738 'quae'
1981 2651 2055 2715 in
2096 2653 2330 2716 matris·

381 2766 677 2831 monium
722 2776 1122 2829 convenerat
1165 2761 1319 2852 (4)..
1943 2741 1950 2749 ’

470 2876 821 2965 Quidquid
865 2879 1081 2965 igitur
1125 2877 1285 2942 talis
1330 2876 1618 2957 mulier,
1668 2900 1836 2965 quae
1879 2879 2052 2945 bona
2094 2859 2325 2967 recep·

380 2974 536 3060 titia
603 3015 736 3084 nou
779 2992 1067 3086 habebat
1089 3038 1110 3072 ,
1184 2990 1392 3089 (quod
1437 3015 1527 3060 ex
1572 2994 2039 3064 instrumentis
2086 2994 2326 3061 dotali-

379 3110 503 3174 bus
571 3121 877 3174 constare
941 3111 1229 3200 poterat)
1289 3130 1328 3172 a
1371 3111 1601 3175 mariti
1643 3087 2030 3178 rationibus
2060 3124 2327 3197 separa-

380 3237 517 3289 tum
578 3220 972 3311 possidebat
998 3268 1020 3302 ,
1099 3224 1702 3313 quomodocumque
1766 3234 2025 3316 partum
2047 3267 2083 3312 ‚g
2139 3223 2322 3310 diceae

450 3559 528 3627 (4)
573 3559 884 3615 Contrarium
917 3565 1214 3632 opinionem¹
1239 3564 1375 3614 tueri
1404 3563 1553 3614 video
1584 3563 1733 3615 Hein.
1770 3564 1835 3615 ad
1868 3563 2020 3615 Brisa.
2055 3563 2113 3614 in
2144 3579 2197 3617 v,
2226 3579 2325 3631 pe·

381 3658 581 3709 culium
599 3692 614 3717 ,
665 3659 777 3708 toto
810 3662 1077 3711 mulierum
1106 3659 1354 3711 orationis
1387 3664 1632 3710 contextu
1665 3676 1771 3710 nou
1802 3660 1968 3748 satias
1992 3665 2055 3710 ut
2083 3660 2319 3719 videtur,

380 3751 662 3830 perpenso.
713 3757 1043 3831 napdcpepvaeg
1086 3768 1315 3836 quamvis
1356 3766 1633 3834 peculium
1667 3766 1841 3819 Gallos
1873 3743 2149 3834 appellasse
2182 3763 2323 3814 vide·-

383 3876 495 3911 mus
543 3876 603 3909 ex
650 3859 708 3912 L.
757 3862 792 3910 9
814 3860 936 3927 §3
969 3861 1208 3925 nig.1)e
1242 3863 1547 3924 sur.1)0t.,
1599 3863 1848 3912 hocloco
1880 3877 1985 3912 non
2018 3855 2322 3924 significari,

385 3956 490 4021 ipse
524 3955 667 4006 locus
700 3955 868 4008 doc'et.
1105 3968 1114 3974 ·
1358 3965 1361 3970 '
1457 3973 1462 3976 ·
1537 3951 1542 3964 ²
