2842 4767
1467 235 1572 308 65

548 470 703 558 plus
771 493 962 560 quam
1021 495 1140 559 pro
1207 473 1537 560 dignitate
1590 474 1893 559 judicii,
1963 485 2029 538 e't
2073 494 2310 539 causae
2354 466 2491 539 ho-‘

541 599 802 652 nestate
825 633 846 667 ‚
892 585 1099 652 multo
1132 588 1352 652 minus
1370 633 1391 667 ‚
1442 608 1635 676 quam
1657 601 1733 652 ut
1758 590 1848 653 iis
1873 588 2373 674 interponendis
2399 609 2473 652 se

540 699 730 766 litem
796 701 1097 767 obtinere
1164 700 1403 768 clienti
1431 723 1588 783 *suo
1651 723 1915 787 sperare
1957 714 2211 787 posset.
2298 699 2471 766 Nam

541 816 980 882 tantummodo
1050 817 1319 882 dixerat
1362 817 1879 882 controversiam
1905 861 1926 895 ‚
1996 826 2072 877 ut
2114 814 2468 898 sponsione

530 944 1000 1015 provocaretur
1042 931 1134 996 ab*
1167 931 1552 996 adversario
1595 929 1810 996 cliens
1835 976 1856 1010 ‚
1919 949 2280 1015 persuasus
2309 972 2330 1006 ‚
2378 925 2466 990 il-

532 1040 674 1107 lum
735 1047 960 1130 potius
1034 1059 1519 1111 transactarum
1581 1045 1665 1110 de
1729 1043 1856 1109 lite
1900 1045 2157 1107 intenta
2184 1087 2205 1120 ,
2273 1062 2468 1129 quam

533 1161 914 1243 sponsionis
1004 1161 1373 1226 conditioni
1462 1142 1928 1235 accessurum.
2023 1157 2267 1244 quippe
2334 1177 2463 1243 qua

515 1285 789 1356 praeter
830 1271 980 1336 litis
1026 1274 1557 1337 aestimationem
1603 1275 1802 1338 etiam
1846 1273 2229 1358 sponsionis
2278 1291 2457 1335 sum-

518 1405 691 1450 mam
755 1388 1115 1453 amitteret.
1213 1387 1350 1471 (De
1397 1387 1871 1473 sponsionibus
1914 1385 2111 1473 plura
2154 1386 2334 1450 infra
2377 1384 2461 1449 ad

523 1497 702 1564 Rud.
749 1502 813 1566 5.
860 1506 925 1567 3.
971 1503 1116 1584 24.)
1208 1501 1344 1564 Sed
1389 1500 1555 1585 quid
1599 1498 1771 1562 ille?
1819 1498 2022 1586 quid?
2088 1498 2459 1564 Nihilomi-

517 1635 643 1678 nus
689 1617 1114 1699 sponsionem
1155 1612 1324 1678 fecit
1350 1657 1371 1690 ,
1429 1611 1803 1698 praedeque
1847 1633 1965 1697 pro
2011 1615 2161 1697 ejus
2206 1632 2459 1681 summa

515 1727 717 1791 cavit.
828 1724 1191 1811 Negotium
1255 1726 1481 1812 itaque
1544 1725 1830 1789 nondum
1894 1736 2233 1810 peractum
2300 1737 2405 1789 est
2432 1770 2453 1804 ‚

517 1838 692 1926 quod
734 1838 819 1903 ad
862 1837 1065 1905 finem
1111 1820 1186 1904 se
1231 1839 1638 1927 perduxisse
1681 1838 1994 1927 putabat3
2043 1860 2230 1925 spem
2272 1837 2457 1906 fallit

515 1954 707 2020 homo
734 2001 755 2035 ‚
819 1968 1019 2042 atque
1074 1954 1482 2041 imprudenti
1524 1951 1721 2018 illum
1764 1957 2123 2040 sponsione
2167 1955 2448 2021 detinet.

519 2068 697 2150 Sed,
783 2068 1011 2158 (quasi
1077 2069 1495 2155 triumphans
1561 2069 1795 2148 addit,
1890 2089 1966 2133 ac
2032 2070 2103 2133 in
2171 2067 2446 2136 clientis

510 2164 812 2247 damnum
857 2180 1224 2268 insultans)
1273 2182 1393 2248 sed
1438 2204 1808 2270 numquam·
1830 2185 2048 2270 magis
2088 2183 2446 2248 manifesto

510 2297 841 2364 hominem
906 2299 1124 2363 teneri
1186 2297 1381 2375 vidi,
1454 2319 1648 2384 quam
1694 2296 1942 2364 illum:
2016 2319 2146 2363 non
2188 2310 2449 2383 poterat

499 2433 630 2478 non
658 2459 702 2504 ⁹.
751 2413 913 2499 quin
959 2411 1501 2477 condemnaretur
1531 2457 1551 2490 ,
1634 2411 1985 2498 J'udicibus
2032 2411 2439 2498 inquirenti-

497 2526 624 2592 bus
673 2529 745 2591 in
792 2528 1040 2592 factum
1066 2572 1087 2606 ‚
1136 2525 1310 2614 quod
1355 2527 1714 2612 sponsione
1738 2523 2245 2602 continebatur„
2290 2546 2441 2590 nam

499 2641 805 2706 omnibus
875 2646 1024 2730 ejus
1067 2641 1446 2713 malefactis
1495 2651 1706 2705 testes
1753 2651 1888 2703 tres
1934 2639 2207 2704 aderant
2250 2662 2434 2705 acer-

498 2756 696 2818 rumi.

581 2868 714 2934 Sed
779 2892 862 2934 ne
932 2874 1033 2936 sic
1091 2871 1358 2958 quidem
1399 2873 1571 2936 satis
1618 2872 1978 2956 expeditus
2021 2871 2291 2937 videtur
2334 2870 2435 2937 lo-

494 3006 612 3050 cus
679 2983 1245 3053 obscurissimus:
1316 2988 1594 3075 quaevis
1664 2988 2129 3073 interpretatio
2195 2989 2267 3051 in
2312 3008 2430 3053 no-

488 3120 605 3165 vas
693 3095 1120 3163 difficultates
1204 3101 1514 3166 incurrit.
1626 3099 1994 3167 Manifesto
2063 3116 2280 3168 tamen
2349 3124 2431 3167 ex

394 3300 399 3305 U
490 3212 614 3279 hoc
681 3212 828 3279 loco
890 3212 1158 3285 videtur
1196 3204 1624 3281 'inferendum
1649 3260 1671 3294 ‚
1740 3219 2133 3302 sponsiones
2182 3229 2429 3302 tempo-,

490 3348 564 3390 re
605 3326 833 3394 Plauti
876 3351 1111 3395 revera
1151 3328 1465 3416 poenales
1510 3329 1724 3397 adhuc
1769 3331 1988 3396 fuisse
2033 3331 2116 3414 (i.
2162 3355 2224 3397 e.
2266 3352 2425 3419 qua-

487 3461 633 3504 rum
674 3446 986 3511 'summae
1049 3449 1441 3513 commissae
1483 3449 1663 3531 parti
1707 3446 2025 3512 adversae
2069 3445 2419 3514 solveban-

485 3553 676 3639 tur),
768 3577 891 3621 nec
958 3571 1208 3626 tantum
1272 3559 1834 3648 praejudiciales:
1929 3574 2063 3626 tum
2121 3585 2243 3649 pro
2307 3563 2433 3629 illa

482 3688 696 3754 poena
719 3714 741 3748 ‚
853 3692 1019 3758 quae
1106 3677 1490 3761 sponsionis
1579 3696 1834 3742 summa
1914 3678 2375 3745 continebatur
2398 3724 2420 3758 ,

477 3783 757 3868 praedes
792 3789 936 3872 jam
985 3787 1170 3853 datos
1216 3789 1460 3856 fuisse.

2133 3910 2176 3969 9
