2842 4767
1355 255 1472 332 80

356 577 360 580 Α
436 502 744 590 quoniam
808 495 1146 563 inutiliter
1209 493 1603 582 stipulatum
1670 514 1823 561 esse
1886 494 2322 560 contendebat
2343 536 2368 573 ‚

433 616 555 681 sed
621 614 929 702 qnoniam
989 634 1112 698 per
1146 615 1374 697 jocum
1417 608 1811 695 promisisse
1855 607 2079 696 aJ'ebat
2103 651 2126 688 ,
2197 607 2371 696 quod

434 731 899 815 exceptionem
961 725 1277 814 praebere
1331 728 1589 813 nequit.
1677 725 1922 790 Eadem
1966 724 2176 789 forma
2218 743 2371 808 pro-

432 845 786 910 missionis
851 843 1141 907 recurrit
1186 839 1432 907 Bacch.
1477 844 1546 906 4.
1593 846 1662 905 8.
1705 845 1833 906 42:
1909 839 2026 904 sed
2067 836 2368 903 Nicobu-

430 958 541 1024 lus
600 980 856 1045 quoque
902 959 973 1022 in
1018 955 1456 1044 sequentibus
1502 954 1887 1042 hujusmodi
1932 953 2366 1018 excusatione

432 1095 509 1139 sc
548 1075 881 1159 promisso
925 1069 1214 1136 liberare
1256 1084 1673 1158 aspernatur.

518 1184 668 1263 Qua
712 1186 794 1252 de
837 1208 912 1251 re
963 1188 1182 1250 minus
1228 1184 1531 1249 dubitare
1575 1183 1790 1263 licet,
1837 1205 1988 1271 cum
2025 1185 2112 1249 L.
2160 1187 2194 1248 1
2242 1190 2280 1265 ς
2322 1188 2374 1249 2
2475 1176 2480 1187 ’

428 1297 594 1388 Dig.
664 1300 744 1365 de
822 1299 1039 1366 Verb.
1107 1297 1244 1365 obl.
1349 1296 1683 1386 Ulpianus
1752 1298 1944 1367 docet
1971 1338 1997 1379 ,’
2077 1318 2366 1384 congrue

427 1414 865 1502 responderi,
935 1413 1181 1501 quidni
1205 1416 1238 1478 1

983 1708 1799 1788 POENULUS.

510 2032 650 2106 III.
697 2008 762 2103 l.
808 2048 913 2103 ἤτε.
957 2042 1067 2104 60.

423 2178 573 2248 Ille
617 2179 903 2264 negabit
923 2202 954 2254 ,·
1001 2175 1465 2264 Milphionem
1513 2184 1760 2265 quaeri
1781 2179 2090 2246 comebat
2116 2188 2309 2248 tuus·
2329 2204 2355 2247 .-

421 2291 519 2361 Id
559 2292 957 2379 duplicabit
1001 2313 1187 2359 σωκ
1211 2294 1532 2373 furtum.

508 2436 593 2503 In
660 2458 789 2526 quo
859 2437 1007 2519 loco
1035 2482 1057 2518 ,
1144 2439 1372 2505 minus
1440 2452 1623 2505 recte
1687 2452 1763 2504 ut
1821 2437 2087 2503 videtur
2152 2433 2355 2502 intel-

427 2546 639 2631 lecto,
691 2565 760 2617 et
806 2554 879 2617 in
921 2551 1083 2618 aliis
1131 2551 1475 2619 similibus
1499 2552 1703 2641 hujus
1728 2550 1994 2618 fabulae
2018 2597 2039 2631 ‚
2068 2547 2358 2630 furtim

424 2682 560 2731 non
627 2665 1016 2734 exhibitus·
1059 2667 1499 2754 deprehendit
1540 2668 1747 2733 Hein.
1793 2668 1958 2734 Ant.
2008 2669 2179 2755 Synt
2221 2667 2356 2735 IV.

422 2788 490 2848 1.
535 2786 621 2848 24
646 2828 669 2862 ‚
717 2794 784 2848 et
831 2781 1030 2870 duplo
1071 2784 1486 2849 vindicatum
1529 2778 1748 2848 fuisse
1794 2785 2101 2871 conjicit.
2170 2783 2362 2863 Quod

421 2910 638 2964 tamen
701 2897 1019 2965 audacius
1080 2898 1252 2964 mihi
1294 2900 1602 2966 videtur:
1673 2898 1851 2966 illud
1896 2901 2117 2989 ipsum
2159 2903 2359 2967 nimi-

423 3032 570 3077 rum
595 3055 617 3091 ,
708 3013 883 3098 quod
947 3011 1100 3079 leno
1166 3012 1434 3080 nolebat
1501 3012 1827 3081 exhibere
1852 3058 1873 3094 ,
1945 3037 2113 3102 quae
2178 3017 2357 3080 furto

420 3148 543 3193 sua
608 3118 754 3192 ⁴non
841 3126 1093 3193 fecerat
1121 3174 1142 3206 ‚
1233 3129 1482 3195 furtum
1572 3129 1686 3194 hic
1751 3131 2146 3203 coustituit3·
2232 3127 2356 3192 hac

421 3241 574 3326 ipsa
635 3243 986 3330 negatione
1030 3255 1238 3308 totum
1281 3245 1454 3311 furti
1499 3247 1750 3310 crimen
1793 3244 2076 3308 nititur:
2147 3242 2241 3306 cf.
2288 3246 2356 3308 3.

367 3357 491 3451 ,4.
559 3361 644 3422 26
712 3379 818 3445 sq.
906 3357 1289 3423 Advocatus
1362 3359 1437 3423 id
1477 3357 1665 3425 vult:
1735 3377 2033 3443 negan8‚
2109 3377 2185 3421 se
2230 3354 2356 3421 ali-

422 3467 585 3555 quid
626 3471 994 3539 abstulisse
1019 3478 1059 3551 ,’
1088 3469 1273 3536 nolet
1313 3471 1635 3539 reddere:
1684 3493 1763 3537 eo
1807 3473 1960 3559 ipso
2003 3469 2199 3557 dupli
2247 3473 2360 3538 fur

422 3583 555 3648 erit
579 3627 600 3661 ‚
666 3596 733 3650 et
798 3589 986 3654 servi
1047 3599 1114 3652 et
1156 3599 1597 3653 trecentorum
1640 3605 2049 3677 nummorum
2093 3586 2358 3674 Philip·

421 3718 695 3788 porum:
766 3702 820 3764 i.
867 3724 930 3765 e.
999 3700 1328 3792 quidquid
1373 3704 1557 3769 furto
1599 3702 1930 3783 abstulit,
2001 3699 2360 3789 dupliciter

423 3815 702 3882 reddere
743 3828 1040 3902 cogetur.
1110 3817 1349 3908 Neque
1390 3821 1607 3909 magis
1632 3819 2004 3889 Heineccio
2022 3817 2205 3885 favet
2224 3812 2357 3879 Ga·
