<?xml version="1.0" encoding="UTF-8"?>
<!DOCTYPE html PUBLIC "-//W3C//DTD XHTML 1.0 Transitional//EN"
    "http://www.w3.org/TR/xhtml1/DTD/xhtml1-transitional.dtd">
<html xmlns="http://www.w3.org/1999/xhtml" xml:lang="en" lang="en">
 <head>
  <title>
</title>
<meta http-equiv="Content-Type" content="text/html;charset=utf-8" />
  <meta name='ocr-system' content='tesseract 3.04.00' />
  <meta name='ocr-capabilities' content='ocr_page ocr_carea ocr_par ocr_line ocrx_word'/>
</head>
<body>
  <div class='ocr_page' id='page_1' title='image "./specimenjuridic00romegoog_0128.png"; bbox 0 0 2842 4767; ppageno 0'>
   <div class='ocr_carea' id='block_1_1' title="bbox 1254 237 1407 311">
    <p class='ocr_par' dir='ltr' id='par_1_1' title="bbox 1254 237 1407 311">
     <span class='ocr_line' id='line_1_1' title="bbox 1254 237 1407 311; baseline -0.007 0"><span class='ocrx_word' id='word_1_1' title='bbox 1254 237 1407 311; x_wconf 73' lang='lat' dir='ltr'><strong>sse</strong></span> 
     </span>
    </p>
   </div>
   <div class='ocr_carea' id='block_1_2' title="bbox 373 477 2301 679">
    <p class='ocr_par' dir='ltr' id='par_1_2' title="bbox 373 477 2301 679">
     <span class='ocr_line' id='line_1_2' title="bbox 458 477 2301 564; baseline 0.001 -19"><span class='ocrx_word' id='word_1_2' title='bbox 458 480 588 545; x_wconf 85' lang='lat' dir='ltr'><strong>Vs.</strong></span> <span class='ocrx_word' id='word_1_3' title='bbox 652 485 755 546; x_wconf 83' lang='lat'><strong>13.</strong></span> <span class='ocrx_word' id='word_1_4' title='bbox 803 479 1041 562; x_wconf 81' lang='lat' dir='ltr'><strong>fragm.</strong></span> <span class='ocrx_word' id='word_1_5' title='bbox 1090 478 1483 555; x_wconf 80' lang='lat' dir='ltr'><strong>citatorum,</strong></span> <span class='ocrx_word' id='word_1_6' title='bbox 1538 498 1664 541; x_wconf 85' lang='lat' dir='ltr'><strong>non</strong></span> <span class='ocrx_word' id='word_1_7' title='bbox 1711 477 1975 564; x_wconf 78' lang='lat' dir='ltr'><strong>adjecto</strong></span> <span class='ocrx_word' id='word_1_8' title='bbox 2021 485 2301 549; x_wconf 80' lang='lat' dir='ltr'><strong>nomine</strong></span> 
     </span>
     <span class='ocr_line' id='line_1_3' title="bbox 373 590 1702 679; baseline -0.002 -19"><span class='ocrx_word' id='word_1_9' title='bbox 373 594 750 671; x_wconf 78' lang='lat' dir='ltr'><strong>comoediae</strong></span> <span class='ocrx_word' id='word_1_10' title='bbox 778 640 799 672; x_wconf 89' lang='lat'>‚</span> <span class='ocrx_word' id='word_1_11' title='bbox 850 614 940 657; x_wconf 88' lang='lat' dir='ltr'><strong>ex</strong></span> <span class='ocrx_word' id='word_1_12' title='bbox 985 613 1115 679; x_wconf 82' lang='lat' dir='ltr'><strong>qua</strong></span> <span class='ocrx_word' id='word_1_13' title='bbox 1165 590 1477 677; x_wconf 79' lang='lat' dir='ltr'><strong>decerpta</strong></span> <span class='ocrx_word' id='word_1_14' title='bbox 1524 606 1702 659; x_wconf 82' lang='lat' dir='ltr'><strong>sunt.</strong></span> 
     </span>
    </p>
   </div>
   <div class='ocr_carea' id='block_1_3' title="bbox 446 716 2176 934">
    <p class='ocr_par' dir='ltr' id='par_1_3' title="bbox 446 716 2176 934">
     <span class='ocr_line' id='line_1_4' title="bbox 449 716 2176 823; baseline 0 -21"><span class='ocrx_word' id='word_1_15' title='bbox 449 716 693 823; x_wconf 65' lang='lat' dir='ltr'><strong>Neque</strong></span> <span class='ocrx_word' id='word_1_16' title='bbox 741 735 1157 798; x_wconf 68' lang='lat' dir='ltr'><strong>munet-alem</strong></span> <span class='ocrx_word' id='word_1_17' title='bbox 1208 736 1420 817; x_wconf 71' lang='lat' dir='ltr'><strong>leyem</strong></span> <span class='ocrx_word' id='word_1_18' title='bbox 1451 780 1472 813; x_wconf 90' lang='lat'>‚</span> <span class='ocrx_word' id='word_1_19' title='bbox 1522 754 1735 822; x_wconf 75' lang='lat' dir='ltr'><strong>neque</strong></span> <span class='ocrx_word' id='word_1_20' title='bbox 1783 738 2128 802; x_wconf 76' lang='lat' dir='ltr'><strong>lenonium</strong></span> <span class='ocrx_word' id='word_1_21' title='bbox 2156 783 2176 815; x_wconf 91' lang='lat'>‚</span> 
     </span>
     <span class='ocr_line' id='line_1_5' title="bbox 446 849 2035 934; baseline 0.001 -17"><span class='ocrx_word' id='word_1_22' title='bbox 446 852 724 934; x_wconf 70' lang='lat' dir='ltr'><em>Boqata</em></span> <span class='ocrx_word' id='word_1_23' title='bbox 751 849 1004 928; x_wconf 76' lang='lat' dir='ltr'><strong>fuerit</strong></span> <span class='ocrx_word' id='word_1_24' title='bbox 1050 869 1174 915; x_wconf 78' lang='lat' dir='ltr'><strong>nec</strong></span> <span class='ocrx_word' id='word_1_25' title='bbox 1218 870 1303 913; x_wconf 81' lang='lat' dir='ltr'><strong>ne</strong></span> <span class='ocrx_word' id='word_1_26' title='bbox 1332 895 1352 927; x_wconf 91' lang='lat'>‚</span> <span class='ocrx_word' id='word_1_27' title='bbox 1388 849 1676 930; x_wconf 75' lang='lat' dir='ltr'><strong><em>floccid’</em></strong></span> <span class='ocrx_word' id='word_1_28' title='bbox 1721 857 2035 918; x_wconf 63' lang='lat' dir='ltr'><strong>aestimo.</strong></span> 
     </span>
    </p>
   </div>
   <div class='ocr_carea' id='block_1_4' title="bbox 365 990 2314 1300">
    <p class='ocr_par' dir='ltr' id='par_1_4' title="bbox 365 990 2314 1300">
     <span class='ocr_line' id='line_1_6' title="bbox 367 990 2314 1080; baseline -0.001 -20"><span class='ocrx_word' id='word_1_29' title='bbox 367 991 783 1060; x_wconf 81' lang='lat' dir='ltr'><strong>Muneralem</strong></span> <span class='ocrx_word' id='word_1_30' title='bbox 825 990 1045 1080; x_wconf 84' lang='lat' dir='ltr'><strong>legem</strong></span> <span class='ocrx_word' id='word_1_31' title='bbox 1087 991 1199 1057; x_wconf 86' lang='lat' dir='ltr'><strong>hic</strong></span> <span class='ocrx_word' id='word_1_32' title='bbox 1230 991 1631 1080; x_wconf 74' lang='lat' dir='ltr'><strong>‘significari</strong></span> <span class='ocrx_word' id='word_1_33' title='bbox 1656 996 1863 1078; x_wconf 71' lang='lat' dir='ltr'><strong>leyem</strong></span> <span class='ocrx_word' id='word_1_34' title='bbox 1894 995 2203 1061; x_wconf 78' lang='lat' dir='ltr'><strong><em>Cinciam</em></strong></span> <span class='ocrx_word' id='word_1_35' title='bbox 2227 997 2314 1060; x_wconf 67' lang='lat' dir='ltr'><strong>de</strong></span> 
     </span>
     <span class='ocr_line' id='line_1_7' title="bbox 365 1105 2311 1190; baseline 0.001 -16"><span class='ocrx_word' id='word_1_36' title='bbox 365 1109 568 1174; x_wconf 71' lang='lat' dir='ltr'><strong><em>donis</em></strong></span> <span class='ocrx_word' id='word_1_37' title='bbox 614 1117 689 1172; x_wconf 81' lang='lat' dir='ltr'><strong>et</strong></span> <span class='ocrx_word' id='word_1_38' title='bbox 727 1106 1121 1174; x_wconf 74' lang='lat' dir='ltr'><strong>muneribue</strong></span> <span class='ocrx_word' id='word_1_39' title='bbox 1149 1154 1170 1188; x_wconf 90' lang='lat'>‚</span> <span class='ocrx_word' id='word_1_40' title='bbox 1239 1105 1443 1174; x_wconf 82' lang='lat' dir='ltr'><strong>latam</strong></span> <span class='ocrx_word' id='word_1_41' title='bbox 1485 1133 1547 1175; x_wconf 83' lang='lat' dir='ltr'><strong>a.</strong></span> <span class='ocrx_word' id='word_1_42' title='bbox 1598 1133 1665 1175; x_wconf 86' lang='lat' dir='ltr'><strong>u.</strong></span> <span class='ocrx_word' id='word_1_43' title='bbox 1713 1134 1772 1177; x_wconf 86' lang='lat' dir='ltr'><strong>e.</strong></span> <span class='ocrx_word' id='word_1_44' title='bbox 1823 1114 1995 1190; x_wconf 83' lang='lat'>549,</span> <span class='ocrx_word' id='word_1_45' title='bbox 2045 1125 2311 1177; x_wconf 84' lang='lat' dir='ltr'><strong>monent</strong></span> 
     </span>
     <span class='ocr_line' id='line_1_8' title="bbox 368 1221 2311 1300; baseline 0.001 -12"><span class='ocrx_word' id='word_1_46' title='bbox 368 1226 526 1288; x_wconf 87' lang='lat' dir='ltr'><strong>intt.</strong></span> <span class='ocrx_word' id='word_1_47' title='bbox 575 1246 637 1288; x_wconf 82' lang='lat' dir='ltr'><strong>a.</strong></span> <span class='ocrx_word' id='word_1_48' title='bbox 686 1222 756 1287; x_wconf 90' lang='lat' dir='ltr'><strong>h.</strong></span> <span class='ocrx_word' id='word_1_49' title='bbox 803 1221 854 1287; x_wconf 91' lang='lat' dir='ltr'><strong>l.</strong></span> <span class='ocrx_word' id='word_1_50' title='bbox 884 1268 904 1300; x_wconf 88' lang='lat'><strong>,</strong></span> <span class='ocrx_word' id='word_1_51' title='bbox 974 1236 1039 1288; x_wconf 86' lang='lat' dir='ltr'><strong>et</strong></span> <span class='ocrx_word' id='word_1_52' title='bbox 1083 1222 1166 1286; x_wconf 78' lang='lat' dir='ltr'><strong>ad</strong></span> <span class='ocrx_word' id='word_1_53' title='bbox 1213 1223 1398 1289; x_wconf 87' lang='lat' dir='ltr'><strong>Fest.</strong></span> <span class='ocrx_word' id='word_1_54' title='bbox 1449 1226 1501 1288; x_wconf 88' lang='lat' dir='ltr'><strong>i.</strong></span> <span class='ocrx_word' id='word_1_55' title='bbox 1547 1248 1614 1288; x_wconf 87' lang='lat' dir='ltr'><strong>v.</strong></span> <span class='ocrx_word' id='word_1_56' title='bbox 1661 1229 2070 1292; x_wconf 65' lang='lat' dir='ltr'><strong>muner-alis.</strong></span> <span class='ocrx_word' id='word_1_57' title='bbox 2163 1228 2311 1291; x_wconf 81' lang='lat' dir='ltr'><strong>Sci-</strong></span> 
     </span>
    </p>
   </div>
   <div class='ocr_carea' id='block_1_5' title="bbox 367 1337 2382 1426">
    <p class='ocr_par' dir='ltr' id='par_1_5' title="bbox 367 1337 2382 1426">
     <span class='ocr_line' id='line_1_9' title="bbox 367 1337 2382 1426; baseline 0.002 -23"><span class='ocrx_word' id='word_1_58' title='bbox 367 1359 516 1403; x_wconf 86' lang='lat' dir='ltr'><strong>mus</strong></span> <span class='ocrx_word' id='word_1_59' title='bbox 545 1384 566 1417; x_wconf 90' lang='lat'>‚</span> <span class='ocrx_word' id='word_1_60' title='bbox 616 1342 766 1423; x_wconf 86' lang='lat' dir='ltr'><strong>ejus</strong></span> <span class='ocrx_word' id='word_1_61' title='bbox 815 1340 1036 1425; x_wconf 80' lang='lat' dir='ltr'><strong>capita</strong></span> <span class='ocrx_word' id='word_1_62' title='bbox 1077 1339 1319 1424; x_wconf 83' lang='lat' dir='ltr'><strong>partim</strong></span> <span class='ocrx_word' id='word_1_63' title='bbox 1363 1337 1446 1403; x_wconf 82' lang='lat' dir='ltr'><strong>ad</strong></span> <span class='ocrx_word' id='word_1_64' title='bbox 1481 1343 1600 1424; x_wconf 80' lang='lat' dir='ltr'><strong>jus</strong></span> <span class='ocrx_word' id='word_1_65' title='bbox 1626 1338 1970 1426; x_wconf 82' lang='lat' dir='ltr'><strong>publicum</strong></span> <span class='ocrx_word' id='word_1_66' title='bbox 1999 1385 2020 1418; x_wconf 91' lang='lat'>‚</span> <span class='ocrx_word' id='word_1_67' title='bbox 2066 1342 2310 1425; x_wconf 80' lang='lat' dir='ltr'><strong>partim</strong></span> <span class='ocrx_word' id='word_1_68' title='bbox 2375 1364 2382 1374; x_wconf 74' lang='grc'><em>“</em></span> 
     </span>
    </p>
   </div>
   <div class='ocr_carea' id='block_1_6' title="bbox 366 1453 2311 2115">
    <p class='ocr_par' dir='ltr' id='par_1_6' title="bbox 366 1453 2311 1864">
     <span class='ocr_line' id='line_1_10' title="bbox 369 1453 2311 1540; baseline -0.001 -21"><span class='ocrx_word' id='word_1_69' title='bbox 369 1454 451 1519; x_wconf 79' lang='lat' dir='ltr'><strong>ad</strong></span> <span class='ocrx_word' id='word_1_70' title='bbox 515 1455 848 1540; x_wconf 79' lang='lat' dir='ltr'><strong>privatu‘m</strong></span> <span class='ocrx_word' id='word_1_71' title='bbox 911 1466 1299 1539; x_wconf 79' lang='lat' dir='ltr'><strong>spectasse:</strong></span> <span class='ocrx_word' id='word_1_72' title='bbox 1372 1454 1773 1540; x_wconf 79' lang='lat' dir='ltr'><strong>gravissima</strong></span> <span class='ocrx_word' id='word_1_73' title='bbox 1816 1466 2033 1519; x_wconf 82' lang='lat' dir='ltr'><strong>tamen</strong></span> <span class='ocrx_word' id='word_1_74' title='bbox 2078 1453 2311 1518; x_wconf 87' lang='lat' dir='ltr'>horum</span> 
     </span>
     <span class='ocr_line' id='line_1_11' title="bbox 367 1567 2307 1657; baseline 0 -24"><span class='ocrx_word' id='word_1_75' title='bbox 367 1589 524 1655; x_wconf 80' lang='lat' dir='ltr'><strong>pars</strong></span> <span class='ocrx_word' id='word_1_76' title='bbox 568 1569 939 1657; x_wconf 80' lang='lat' dir='ltr'><strong>ignoratur.</strong></span> <span class='ocrx_word' id='word_1_77' title='bbox 1030 1567 1359 1633; x_wconf 83' lang='lat' dir='ltr'><strong>Auctores</strong></span> <span class='ocrx_word' id='word_1_78' title='bbox 1387 1613 1410 1646; x_wconf 90' lang='lat'>‚</span> <span class='ocrx_word' id='word_1_79' title='bbox 1485 1570 1604 1657; x_wconf 85' lang='lat' dir='ltr'><strong>qui</strong></span> <span class='ocrx_word' id='word_1_80' title='bbox 1648 1568 1730 1633; x_wconf 83' lang='lat' dir='ltr'><strong>de</strong></span> <span class='ocrx_word' id='word_1_81' title='bbox 1779 1592 1856 1634; x_wconf 78' lang='lat' dir='ltr'><strong>ea</strong></span> <span class='ocrx_word' id='word_1_82' title='bbox 1897 1567 2048 1656; x_wconf 82' lang='lat' dir='ltr'><strong>lege</strong></span> <span class='ocrx_word' id='word_1_83' title='bbox 2095 1571 2307 1657; x_wconf 82' lang='lat' dir='ltr'><strong>serip-</strong></span> 
     </span>
     <span class='ocr_line' id='line_1_12' title="bbox 367 1680 2304 1767; baseline -0.001 -19"><span class='ocrx_word' id='word_1_84' title='bbox 367 1696 646 1762; x_wconf 85' lang='lat' dir='ltr'><strong>serunt,</strong></span> <span class='ocrx_word' id='word_1_85' title='bbox 741 1695 1046 1747; x_wconf 79' lang='lat' dir='ltr'><strong>recenset</strong></span> <span class='ocrx_word' id='word_1_86' title='bbox 1113 1681 1200 1746; x_wconf 79' lang='lat' dir='ltr'><strong>G.</strong></span> <span class='ocrx_word' id='word_1_87' title='bbox 1274 1681 1476 1751; x_wconf 82' lang='lat' dir='ltr'><strong>Rein.</strong></span> <span class='ocrx_word' id='word_1_88' title='bbox 1545 1680 1825 1767; x_wconf 75' lang='lat' dir='ltr'><strong>Quaest.</strong></span> <span class='ocrx_word' id='word_1_89' title='bbox 1894 1680 2248 1748; x_wconf 78' lang='lat' dir='ltr'><strong>Tullianae</strong></span> <span class='ocrx_word' id='word_1_90' title='bbox 2282 1730 2304 1761; x_wconf 79' lang='lat'>‚</span> 
     </span>
     <span class='ocr_line' id='line_1_13' title="bbox 366 1795 601 1864; baseline 0 -4"><span class='ocrx_word' id='word_1_91' title='bbox 366 1795 447 1863; x_wconf 88' lang='lat' dir='ltr'><strong>P.</strong></span> <span class='ocrx_word' id='word_1_92' title='bbox 497 1803 601 1864; x_wconf 89' lang='grc'><strong>18.</strong></span> 
     </span>
    </p>

    <p class='ocr_par' dir='ltr' id='par_1_7' title="bbox 370 1907 2308 2115">
     <span class='ocr_line' id='line_1_14' title="bbox 454 1907 2308 2000; baseline 0.001 -26"><span class='ocrx_word' id='word_1_93' title='bbox 454 1909 561 1974; x_wconf 91' lang='lat' dir='ltr'><strong>De</strong></span> <span class='ocrx_word' id='word_1_94' title='bbox 627 1908 828 1974; x_wconf 87' lang='lat' dir='ltr'><strong>rebus</strong></span> <span class='ocrx_word' id='word_1_95' title='bbox 893 1907 1187 1976; x_wconf 83' lang='lat' dir='ltr'><strong>lenoniis</strong></span> <span class='ocrx_word' id='word_1_96' title='bbox 1254 1909 1445 1999; x_wconf 79' lang='lat' dir='ltr'><strong>leges</strong></span> <span class='ocrx_word' id='word_1_97' title='bbox 1519 1911 1641 1979; x_wconf 79' lang='lat' dir='ltr'><strong>hae</strong></span> <span class='ocrx_word' id='word_1_98' title='bbox 1710 1924 1927 1981; x_wconf 78' lang='lat' dir='ltr'><strong>aetate</strong></span> <span class='ocrx_word' id='word_1_99' title='bbox 1992 1926 2255 2000; x_wconf 76' lang='lat' dir='ltr'><strong>rogatae</strong></span> <span class='ocrx_word' id='word_1_100' title='bbox 2284 1959 2308 1991; x_wconf 73' lang='lat'>‚</span> 
     </span>
     <span class='ocr_line' id='line_1_15' title="bbox 370 2020 1403 2115; baseline 0.001 -27"><span class='ocrx_word' id='word_1_101' title='bbox 370 2020 598 2088; x_wconf 81' lang='lat' dir='ltr'><strong>nullae</strong></span> <span class='ocrx_word' id='word_1_102' title='bbox 640 2023 725 2090; x_wconf 76' lang='lat' dir='ltr'><strong>ad</strong></span> <span class='ocrx_word' id='word_1_103' title='bbox 768 2044 888 2088; x_wconf 86' lang='lat' dir='ltr'><strong>nos</strong></span> <span class='ocrx_word' id='word_1_104' title='bbox 933 2038 1403 2115; x_wconf 62' lang='lat' dir='ltr'><strong>perveneruntq</strong></span> 
     </span>
    </p>
   </div>
   <div class='ocr_carea' id='block_1_7' title="bbox 2763 214 2783 1435">
    <p class='ocr_par' dir='ltr' id='par_1_8' title="bbox 2763 214 2783 1435">
     <span class='ocr_line' id='line_1_16' title="bbox 2763 214 2783 1435; baseline 0 0"><span class='ocrx_word' id='word_1_105' title='bbox 2763 214 2783 1435; x_wconf 95' lang='lat' dir='ltr'><strong> </strong></span> 
     </span>
    </p>
   </div>
   <div class='ocr_carea' id='block_1_8' title="bbox 2769 1454 2774 1501">
    <p class='ocr_par' dir='ltr' id='par_1_9' title="bbox 2769 1454 2774 1501">
     <span class='ocr_line' id='line_1_17' title="bbox 2769 1454 2774 1501; baseline 0 0"><span class='ocrx_word' id='word_1_106' title='bbox 2769 1454 2774 1501; x_wconf 78' lang='lat' dir='ltr'>i</span> 
     </span>
    </p>
   </div>
  </div>
 </body>
</html>
