2842 4767
1470 273 1623 373 73,

509 513 702 578 stetit
727 554 749 589 ‚
800 516 918 601 qni
962 513 1297 581 infitiatus
1344 528 1449 582 est
1472 562 1493 596 ‚
1541 520 1990 604 quaecumque
2031 515 2257 582 verbis
2279 536 2447 584 nun*

521 640 758 713 cupata
801 632 1035 708 erant3
1085 631 1258 719 quod
1304 630 1613 718 equidem
1656 631 2085 696 verissimum
2127 643 2285 716 puto
2312 677 2333 711 ‚
2383 644 2449 698 et

514 739 748 828 populi
816 742 1098 809 Romani
1166 745 1466 810 moribus
1512 747 1916 832 ingenioque
1960 746 2255 809 maxime
2299 764 2454 810 con-

518 869 930 923 sentaneum.
1046 858 1539 945 Turpissimam
1603 858 1838 924 haberi
1892 858 2059 922 hanc
2105 856 2404 922 fraudem
2432 903 2453 936 ,

520 983 586 1034 et
653 969 1003 1037 Ciceronis
1052 970 1290 1038 saltem
1334 985 1628 1059 tempore
1674 971 1874 1059 duplo
1916 970 2296 1047 vindicari,
2370 991 2463 1034 ex

519 1081 669 1148 loco
734 1085 881 1151 Cic.
952 1086 1143 1152 modo
1205 1085 1472 1152 laudato
1531 1087 1835 1152 videmus
1865 1131 1886 1163 ‚
1956 1099 2023 1151 et
2067 1105 2461 1173 quamquam

525 1196 698 1262 mala
742 1197 922 1264 fides
947 1246 967 1278 ,
1017 1222 1185 1287 quae
1229 1200 1350 1265 hae
1398 1203 1473 1264 in
1516 1223 1590 1265 re
1634 1201 1930 1265 cernitur
1955 1245 1975 1276 ‚
2024 1219 2153 1263 non
2178 1199 2464 1263 distinc-

520 1323 589 1374 te
652 1325 1048 1379 memoratur
1115 1336 1154 1378 a
1218 1312 1369 1380 Cic.
1414 1335 1536 1401 pro
1583 1312 1782 1381 Caee.
1830 1337 1892 1380 c.
1940 1319 2025 1392 3,
2087 1337 2207 1400 pro
2254 1314 2458 1379 Rose-

520 1422 707 1490 Com.
755 1450 815 1491 e.
862 1432 946 1507 6,
993 1451 1112 1514 pro
1161 1427 1365 1494 Rose.
1413 1428 1643 1492 Amet.
1691 1451 1753 1492 e.
1802 1433 1884 1494 38
1929 1450 2082 1513 sq„
2132 1431 2461 1508 interea,

519 1539 592 1605 in
659 1564 827 1628 quae
866 1542 1175 1627 judiciis
1240 1560 1531 1604 summae
1574 1545 2134 1606 existimationis
2176 1550 2253 1607 et
2292 1565 2462 1627 pae-

525 1674 610 1717 ne
670 1659 936 1739 capitis
1000 1653 1608 1720 animadverterunt
1679 1654 2009 1735 Romani,
2077 1655 2325 1721 iisdem
2368 1669 2467 1721 ta·

516 1787 668 1831 men
737 1766 1129 1853 adjungitur
1193 1768 1275 1834 de
1342 1767 1503 1834 Nat.
1539 1769 1777 1865 ¹Deor.
1824 1771 1965 1838 III.
2012 1775 2121 1838 30.
2212 1770 2319 1837 De
2363 1773 2469 1835 in-

526 1880 711 1967 signi
776 1882 1365 1957 animadversione:
1394 1883 1668 1950 illorum
1694 1932 1715 1965 ,
1786 1888 1905 1972 qui
1947 1885 2149 1951 fidem
2194 1883 2465 1953 fefeHe-

520 2009 670 2061 rant
695 1980 742 2076 ,'
768 1997 984 2084 deque
1028 1982 1401 2079 mmmmm,v
1449 2013 1578 2086 quo‘
1617 2000 2118 2086 premebantur,
2163 2006 2249 2070 ef.
2277 2023 2464 2068 eons-

523 2132 593 2175 ν.
664 2110 890 2177 Genus
918 2156 940 2190 ,
1032 2114 1107 2178 in
1171 2114 1350 2201 disp.
1420 2115 1505 2180 de
1572 2114 1868 2196 infamia
1895 2160 1919 2195 ‚
1989 2117 2256 2201 leyibus
2319 2119 2462 2184 Ro-

517 2245 866 2290 manorum
935 2231 1370 2309 constituta,
1440 2228 1607 2317 Pag.
1657 2235 1745 2297 14
1787 2244 1856 2298 et
1896 2237 2031 2314 49,
2104 2247 2171 2300 et
2239 2235 2456 2303 dictos

521 2340 668 2406 Cie-
736 2339 945 2408 locos,
1064 2340 1285 2419 Quare
1346 2346 1589 2411 mirum
1651 2367 1781 2413 non
1850 2363 1957 2416 est
1982 2396 2003 2430 ‚
2076 2352 2462 2440 leqirupam

519 2455 774 2523 dictum
841 2443 995 2524 ease
1040 2458 1122 2524 de
1171 2463 1408 2548 quovis
1455 2461 1756 2548 improbo
1784 2509 1805 2543 ‚
1877 2479 1945 2530 et
1984 2464 2293 2534 Plautum
2337 2469 2463 2537 hoe

522 2590 732 2655 genus
779 2592 924 2637 eum
968 2578 1385 2661 perjurorum
1412 2614 1434 2652 ,
1492 2577 1898 2663 impurorum
1943 2581 2459 2667 impudentium-

520 2705 647 2768 que
704 2688 1147 2773 conj-unxisse
1176 2734 1198 2769 ,
1289 2692 1536 2778 quippe
1582 2694 1701 2779 qui
1745 2694 1818 2759 in
1862 2707 2014 2761 actu
2060 2709 2193 2760 tam
2234 2695 2454 2763 solen-

523 2797 645 2876 ni,
714 2813 780 2863 et
837 2801 1153 2868 Romanis
1200 2826 1464 2893 semper
1508 2808 1911 2894 gravissimo
1934 2854 1956 2888 ‚
2023 2807 2454 2878 fidemdeoi-

520 2934 682 2998 pere
725 2935 855 2979 non
897 2918 1329 2985 verecundati
1373 2935 1583 2987 erant.

610 3054 748 3124 111.
793 3063 864 3127 4.
912 3080 1016 3126 vs.
1064 3066 1173 3127 78.
1277 3063 1806 3151 conquisitores

523 3183 861 3252 Videntur
925 3188 1150 3254 fuisse
1218 3195 1401 3258 servi
1446 3193 1752 3279 publici,
1820 3219 1860 3263 a
1907 3197 2220 3266 Praetore
2263 3201 2451 3284 dati,

522 3299 639 3384 qui
700 3324 841 3367 rem
910 3304 1231 3370 furtivam
1256 3353 1277 3386 ,
1338 3307 1608 3403 =(jocose
1654 3310 1767 3377 hie
1815 3315 2016 3380 etiam
2060 3337 2202 3381 rem
2246 3308 2497 3384 amis-⁹

526 3414 741 3500 sam),
832 3419 1079 3509 ubique
1122 3444 1245 3508 per
1291 3444 1519 3491 omnes
1565 3427 1794 3493 domus
1845 3445 2237 3517 quaererent
2263 3480 2285 3514 ,
2359 3435 2459 3500 si-

522 3547 651 3606 ve,
716 3542 791 3596 ut
830 3538 1097 3623 proprie
1124 3538 1536 3622 dicebatur,
1598 3547 2059 3629 ‘conciperent
2097 3546 2222 3636 (1).
2312 3549 2455 3616 An-

582 3754 662 3823 (1)
709 3758 787 3810 Cf.
841 3759 1086 3827 wieling.
1137 3764 1296 3816 matr.
1346 3767 1410 3815 de
1445 3769 1607 3833 furio
1643 3785 1747 3836 por
1777 3770 1982 3824 huconi
2014 3780 2069 3824 et
2099 3775 2290 3826 licium
2324 3786 2450 3823 oon-

494 3855 698 3917 ‘ospim
753 3871 803 3906 ο.
842 3854 876 3908 7
909 3856 932 3921 ς
969 3857 1024 3908 5.

2125 3968 2204 4029 10
