2842 4767
1415 271 1576 347 105

530 517 614 581 48
641 560 662 593 ,
762 510 1125 600 vectigalia
1188 511 1313 579 illa
1344 502 1593 577 'tamen
1659 508 2123 600 nonnunquam
2188 512 2466 575 nimium

537 648 774 717 magno
840 627 1162 695 conducta
1204 628 1424 698 fuisse
1450 670 1471 706 ,
1542 639 1801 692 constat
1842 625 1952 691 vel
1999 647 2091 690 ex
2134 623 2473 690 luculento

536 744 662 809 illo
730 744 1039 831 exemplo
1066 791 1121 833 ⁵„
1159 764 1359 831 quum
1429 718 1779 808 Ciceronis
1846 739 2253 827 temporibus
2280 785 2301 818 ,
2367 738 2470 803 M.

538 858 755 945 Pupio
801 859 1096 940 Pisone,
1145 856 1248 923 M.
1297 856 1580 923 Valerio
1624 854 1926 922 Messala
1971 853 2167 920 CoSS.
2196 901 2216 932 ,
2266 856 2475 939 impe-

544 974 808 1038 tuosius
880 996 918 1037 a
984 986 1220 1039 senatu
1283 972 1599 1060 petebant
1659 971 2054 1058 publicani,
2141 984 2216 1032 ut
2274 966 2483 1053 pretii
2589 998 2601 1014 Ἀ

542 1102 696 1172 pars
764 1087 902 1153 sibi
962 1091 1413 1160 remitteretur
1438 1133 1459 1167 ‚
1533 1086 1710 1174 quod
1749 1099 1904 1173 post
1944 1083 2188 1149 multos
2235 1080 2482 1147 tumul-.-

542 1214 650 1267 tus
720 1200 967 1267 Caesar
1034 1202 1183 1277 illis
1228 1198 1650 1290 gratificatus
1697 1213 1829 1265 est.
1925 1196 2074 1265 Cic.
2120 1197 2344 1283 Epist.
2391 1193 2473 1259 ad

539 1313 686 1380 Att.
733 1314 795 1380 Ι.
831 1320 948 1383 17.

628 1485 730 1551 ΙΙ.
772 1489 819 1554 4
862 1508 974 1551 vs.
1021 1490 1133 1552 23.
1223 1458 1234 1468 ³

634 1627 1060 1710 Trapezitae
1108 1627 1300 1690 mille
1346 1625 1869 1693 drachumamm
1920 1624 2390 1713 Olympicum,

640 1738 829 1817 Quas
874 1740 956 1805 de
1002 1744 1285 1804 ratione
1332 1739 1689 1822 debuisti,
1747 1742 2107 1809 ,redditae--
2189 1806 2194 1811 .

636 1854 928 1921 Lesbon.
989 1852 1251 1939 Nempe
1300 1876 1470 1940 quae
1513 1858 1854 1941 spopondi
1884 1859 1917 1921 5³
1982 1857 2261 1924 Stasim.
2307 1861 2487 1940 imo,

824 1984 829 1989 '
1557 1988 1728 2056 quas
1774 1971 2116 2054 dependi,
2183 1975 2487 2057 inquito.

647 2081 838 2160 Quae
868 2087 1250 2169 ,sponsione
1280 2074 1655 2169 pronuper
1702 2099 1781 2154 tu
1825 2093 2125 2151 exactus
2166 2105 2242 2150 ee

633 2200 787 2264 Pro
853 2200 991 2265 illo
1033 2199 1516 2279 adolescente,
1565 2221 1755 2287 quem
1785 2204 1879 2265 ‘tu
1924 2199 2159 2286 ajebat
2200 2221 2346 2267 esse
2389 2201 2499 2266 di-

2171 2292 2176 2298 ’
2259 2288 2492 2395 uitem.

642 2429 857 2529 Lesb.⁶
916 2428 1233 2494 Factum.
1303 2425 1585 2495 Stasim.
1631 2433 1715 2494 ut
1759 2430 2024 2516 quidem
2066 2421 2263 2494 illud
2290 2435 2493 2516 peri·
2601 2458 2604 2465 ·

2315 2549 2489 2610 erit.

636 2680 1056 2754 Lesbonicus
1122 2699 1357 2776 rogat:
1426 2675 1596 2753 Illas
1645 2685 1986 2753 drachmas
2032 2687 2208 2753 dicis
2238 2690 2290 2766 ,'
2332 2708 2495 2774 quas

556 2824 677 2888 pro
731 2806 943 2868 amico
988 2802 1361 2890 spopondi,
1398 2822 1536 2873 ,me
1579 2799 1954 2867 soluturum
1993 2803 2323 2889 promisi,
2391 2803 2499 2885 ni-⁴

563 2917 626 2982 si
693 2918 844 3003 ipse
889 2915 1230 2982 solveret?
1315 2915 1427 2982 Ad
1471 2916 1648 3004 quod
1694 2916 2071 2984 Stasimus:
2142 2918 2277 2981 imo
2304 2961 2325 2994 ,
2396 2917 2500 2979 in·-

563 3034 753 3119 quito
781 3078 802 3111 ‚
853 3053 1016 3119 quas
1061 3053 1181 3118 pro
1226 3029 1349 3096 illo
1396 3031 1732 3119 dependi:
1785 3055 1948 3120 quas
1994 3029 2149 3097 scil.
2195 3030 2278 3095 ob
2326 3043 2503 3096 tuam
2633 3060 2639 3067 ·

557 3148 987 3234 sponsionem
1055 3160 1335 3213 exactus
1392 3168 1467 3213 es
1498 3193 1519 3227 ,
1590 3156 1976 3236 et‘quarum
2018 3144 2498 3233 recuperanda-

565 3282 710 3327 rum
755 3283 907 3348 spes
957 3259 1085 3326 tibi
1129 3283 1260 3326 non
1307 3275 1434 3327 est.

646 3372 948 3443 Verbum
1016 3368 1416 3463 dependere·
1465 3377 1606 3461 hac,
1655 3380 1730 3444 in
1792 3401 1866 3445 ro
1908 3379 2250 3466 proprium
2295 3402 2446 3445 esse
2472 3425 2496 3459 ‚

565 3478 825 3571 docent,
886 3492 1197 3580 exempla
1276 3515 1316 3556 a
1398 3491 1738 3577 Gronov—io
1803 3516 1867 3558 a.
1935 3491 2004 3571 h..
2073 3491 2127 3558 l.
2195 3492 2498 3559 collecta.
2549 3525 2558 3532 ·

564 3596 786 3674 Quare
877 3605 1077 3669 etiam
1143 3611 1318 3675 actio
1344 3654 1365 3688 ‚
1455 3631 1623 3697 quae
1688 3630 1780 3676 ex
1843 3606 1998 3696 lege
2061 3604 2360 3675 Publilia
2424 3609 2501 3672 in

562 3712 833 3809 duplum
902 3716 1178 3784 debatur
1239 3727 1389 3807 eJus
1416 3767 1440 3802 ,
1508 3723 1683 3809 quod
1721 3746 1843 3810 pro
1886 3721 2048 3789 aliis
2094 3721 2499 3807 deponderat

564 3830 718 3915 quis
747 3870 770 3910 ‚
838 3834 1028 3899 aetio
1064 3832 1374 3918 -depemi
1407 3834 1806 3913 -dioebaturz
1871 3836 2027 3927 Gaj.
2077 3835 2213 3903 111.
2260 3840 2300 3916 ς
2344 3838 2491 3901 127.

2166 3983 2251 4046 14
