2842 4767
1480 266 1631 341 115

579 510 710 577 lier
753 524 930 576 tutor
953 510 1206 587 scribi,
1254 521 1368 573 aut
1416 509 1561 573 dari
1585 507 1839 605 potuit:
1888 507 1980 572 ef.
2008 507 2207 595 Hugo
2237 553 2258 586 ‚
2311 508 2504 573 Ram.

584 625 906 713 Rechtsg.
977 625 1138 712 Pag.
1204 628 1356 689 498.
1420 637 1556 691 not.
1606 630 1672 688 6.

664 739 865 808 Cure.
914 745 976 806 5.
1025 747 1092 806 2.
1137 745 1225 807 72
1269 763 1468 828 sqq.;
1519 739 1713 805 Trin.
1760 745 1827 804 2.
1872 743 1940 805 4.
1991 743 2163 817 172,
2212 739 2505 827 aliisque

577 855 722 942 huj.
773 856 911 921 fab.
960 854 1128 920 locis
1160 902 1179 933 ,
1229 856 1531 921 videmus
1597 856 1888 932 statne,
1935 866 2193 919 mortuo
2238 852 2349 919 vel
2393 855 2508 919 ab·

573 983 761 1035 sente
807 984 992 1055 patre
1040 993 1300 1036 sorores
1359 984 1636 1057 nuptum
1686 970 1962 1036 dantes:
2018 967 2193 1054 quod
2236 990 2320 1033 an
2357 973 2514 1055 jure

573 1085 854 1151 Plautus
902 1084 1231 1165 finxerit,
1283 1087 1580 1151 dubitari
1633 1084 1911 1171 nequit:
1963 1103 2162 1169 quum
2216 1080 2460 1148 mulier
2492 1129 2511 1160 ,

573 1222 741 1286 quae
787 1203 857 1264 in
903 1222 1163 1265 manum
1209 1222 1336 1264 non
1384 1200 1695 1264 convenit
1724 1246 1742 1275 ‚
1791 1210 2048 1261 mortuo
2093 1195 2202 1262 vel
2241 1197 2514 1262 absente

570 1326 756 1401 patre
782 1359 803 1391 ‚
874 1317 947 1378 in
997 1319 1188 1400 eujus
1235 1326 1378 1378 erat
1400 1326 1730 1399 potestate
1757 1360 1777 1391 ‚
1805 1313 2074 1378 ·reoidit
2118 1315 2192 1376 in
2237 1310 2513 1377 tutelam

568 1426 941 1514 legitimam
1032 1444 1421 1514 agnatorum
1451 1474 1471 1507 2
1561 1448 1843 1512 quorum
1906 1428 2258 1510 proximus
2329 1439 2510 1492 cette

574 1555 679 1606 est
749 1544 960 1608 frater
1019 1562 1417 1626 germanuS,
1483 1542 1631 1605 sine
1678 1544 1873 1625 cujus
1926 1541 2141 1625 igitur
2186 1562 2516 1606 consensu

566 1656 835 1739 nuptias
880 1651 991 1715 illi
1038 1651 1428 1717 contrahere
1472 1675 1601 1717 non
1648 1651 1836 1718 licet.

1206 1919 1225 1925 ο
1236 1918 1401 1926 ...α-..-

651 2121 916 2208 Fragm.
967 2143 1057 2185 ex
1106 2119 1415 2187 Hortulo.
1458 2091 1490 2123 0'

650 2263 920 2328 Praeco
987 2262 1088 2328 ibo·
1153 2264 1346 2330 adsit
1386 2285 1533 2329 cum
1579 2272 1877 2330 corona:
1946 2273 2198 2353 quique
2245 2269 2507 2348 liceat,

2088 2390 2359 2448 veneat.
2408 2382 2509 2469 (1)

567 2519 703 2585 Hie
767 2542 1003 2585 versus
1072 2543 1200 2585 non
1266 2521 1697 2588 mediocriter
1767 2522 1988 2588 firmat
2033 2521 2311 2589 Catonis
2358 2546 2513 2589 sen-

571 2635 845 2698 tentiam
911 2635 1085 2721 apud
1131 2634 1310 2700 Gell.
1359 2634 1450 2700 N.
1497 2635 1585 2700 A.
1636 2635 1807 2702 VII.
1851 2641 1920 2701 4.
1990 2641 2346 2702 emtionem
2388 2636 2511 2701 sub

563 2769 818 2813 corona
883 2772 1117 2815 nomen
1185 2772 1316 2815 non
1383 2751 1626 2817 habere
1670 2775 1710 2815 a
1755 2774 1993 2817 corona
2037 2751 2331 2817 militum
2375 2752 2510 2817 oir-

566 2865 1034 2930 cumstantium
1073 2910 1093 2942 ‚
1189 2864 1308 2930 sed
1376 2888 1414 2929 a
1482 2867 1743 2931 coronis
1773 2912 1793 2946 ,
1886 2868 2105 2932 servis
2172 2865 2507 2955 praedati·

567 2980 698 3044 ciis
729 3024 749 3056 ‚
799 2978 1057 3066 quando
1102 2980 1465 3059 venibant,
1515 2982 1885 3067 impositis.

626 3264 704 3331 (l)
752 3267 790 3316 i.
842 3283 890 3316 e.
943 3281 1126 3332 praeco
1176 3270 1349 3317 veniat
1394 3284 1508 3317 oum
1560 3284 1778 3327 corona,
1847 3272 1907 3317 ut
1954 3268 2097 3317 illum
2130 3268 2185 3317 in
2218 3268 2513 3320 servitutem

563 3360 822 3411 detrusum
871 3362 1091 3412 vendat:
1146 3367 1331 3413 veneat
1349 3397 1364 3423 ‚
1418 3362 1770 3428 quodcumque
1819 3362 2038 3430 pretium
2071 3363 2343 3413 offeratur:
2395 3364 2513 3430 qut-

562 3470 663 3518 que
705 3455 868 3505 liceat
913 3459 1047 3509 enim
1102 3437 1194 3509 eet·
1231 3474 1323 3525 pro
1357 3466 1411 3507 et
1446 3461 1640 3525 quanti
1671 3459 1864 3520 liceat,
1918 3463 1980 3510 ut
2010 3475 2114 3509 non
2146 3459 2303 3510 semel
2334 3458 2430 3525 qut
2459 3459 2514 3508 in

564 3549 747 3600 Plauto
780 3567 874 3617 pro
907 3557 1122 3617 quanti.
1194 3554 1256 3604 In
1291 3555 1422 3625 Men.
1461 3555 1514 3605 5.
1549 3557 1603 3606 9.
1636 3554 1724 3608 97.

813 3645 1075 3697 Venibunt
1094 3684 1110 3710 ,
1146 3651 1334 3716 quiqui
1366 3649 1603 3701 licebant
1620 3686 1636 3712 ,
1665 3652 1956 3719 praesenti,
1975 3654 2236 3719 pecnnia.

564 3739 703 3804 quod
752 3740 959 3791 difficile
1010 3746 1088 3792 eat
1136 3743 1490 3812 interpretari,
1560 3747 1695 3797 sorte
1744 3763 1805 3797 ex
1847 3746 1948 3799 hoe
1996 3749 2112 3800 looo
2148 3747 2518 3801 restituendum

564 3837 760 3902 quique
776 3855 793 3885 .-
840 3852 1020 3903 magno
1052 3842 1193 3890 certe
1229 3841 1513 3905 eputentine
1548 3842 1828 3896 commodo.
