2842 4767
1387 222 1493 301 96

445 465 559 532 hie
604 476 752 531 est:
805 462 958 527 dato
1005 461 1309 549 quemvis
1341 471 1711 528 senatorem
1730 457 2184 545 Cyrenensem
2203 454 2385 531 arbi'a

438 594 616 646 trum
644 625 666 659 ,
734 575 955 661 (modo
996 596 1082 641 ne
1125 572 1454 662 ignobilis
1501 577 1641 655 sit,
1711 587 1913 663 atque
1955 577 2119 643 adeo
2164 592 2383 647 tecum

438 692 677 778 faciat)
737 694 856 778 qui
918 690 1249 778 dijudicet
1315 692 1741 777 sponsionem
1768 737 1789 771 ‚
1861 713 1989 779 qna
2033 708 2101 758 te
2140 717 2381 780 provo-⁶

434 828 556 874 eo:
623 809 689 871 ei
734 814 893 869 tuae
936 825 1083 870 esee
1129 812 1456 889 oportet,
1523 809 1680 870 nive
1725 819 1855 871 ete.
1942 806 2192 873 Eadem
2233 807 2380 895 pla-

431 943 518 988 ne
580 932 687 986 est
732 919 1001 985 dicendi
1044 921 1264 998 ratio,
1332 934 1534 1008 atque
1578 944 1657 985 ea
1682 966 1703 1002 ,
1775 920 1857 987 de
1902 920 2044 1009 qna'
2072 943 2234 988 mox
2276 923 2383 988 ‹li-

433 1035 713 1102 eendnm
758 1046 864 1099 est
905 1033 988 1097 ad
1037 1030 1192 1098 nud
1237 1035 1302 1099 5.
1348 1039 1418 1101 3.
1462 1037 1574 1100 24.

517 1177 653 1244 IV.
698 1181 765 1241 2.
809 1194 915 1241 vs.
960 1179 1073 1241 22.

531 1306 819 1371 Occasio
887 1301 1109 1387 Gripo
1131 1346 1155 1380 ‚
1223 1300 1526 1387 obtigit,
1593 1311 1678 1368 ut
1723 1302 1981 1369 liberet
2019 1324 2114 1369 ex
2145 1318 2378 1392 popu-

1801 1420 1871 1482 lo
1913 1419 2230 1484 Praetor
2277 1429 2376 1486 te.
2415 1494 2420 1503 ¹

515 1554 846 1629 Vidulum
908 1559 1066 1625 seil.
1113 1558 1368 1646 Gripns
1415 1562 1488 1625 in
1530 1561 1701 1624 mari
1747 1562 2091 1628 invenerat
2116 1608 2138 1642 ,
2186 1583 2382 1651 quem

430 1677 750 1746 refertum
794 1672 994 1738 rebus
1040 1672 1566 1758 pretiosissimis
1614 1674 1950 1741 credebat.

512 1789 829 1856 Lambini
890 1786 1355 1872 interpretatio
1423 1782 1627 1873 hujus
1674 1808 1913 1854 versus
1955 1809 2190 1876 parum
2234 1748 2378 1854 ido·
2389 1778 2406 1792 ⁹

425 1926 554 1970 nea
596 1902 901 1979 videtur,
949 1922 1071 1966 nee
1120 1914 1336 1967 tamen
1380 1898 1726 1967 meliorem
1771 1902 1926 1968 dare
1947 1925 2220 1990 possum
2251 1902 2378 1990 (1).

422 2017 658 2086 Metuo
685 2062 708 2097 ,
756 2030 829 2081 ut
871 2015 1117 2082 Latine
1140 1998 1439 2081 dicatur:
1491 2013 1795 2080 liberare
1818 2037 1913 2082 ex
1925 2019 2199 2103 populo
2217 2039 2374 2104 pro:

427 2131 753 2198 hominen
801 2134 1134 2213 ἐπείρηκε
1167 2174 1188 2208 ,
1236 2134 1680 2214 conspicuum
1705 2128 1960 2209 faeere
1985 2177 2007 2211 ,
2054 2152 2149 2198 ex
2192 2132 2378 2213 infe-

426 2252 692 2314 riorum
760 2243 1099 2308 homimem
1145 2262 1423 2307 numero
1468 2247 1798 2310 eximere.
1883 2245 2221 2311 Praetoris
2267 2270 2378 2313 ee-

426 2375 640 2427 terum
663 2381 794 2424 non
819 2371 924 2424 est
947 2404 968 2438 ‚
1017 2356 1352 2423 hominem
1373 2355 1763 2424 libertinum
1789 2404 1809 2438 ,
1856 2360 2182 2423 aerarium
2206 2403 2228 2437 ,
2278 2381 2370 2426 ex

424 2470 806 2541 humillimo
851 2458 999 2538 loeo
1045 2473 1346 2538 eximere
1376 2518 1397 2554 ,
1447 2471 1569 2539 sed
1594 2473 1912 2540 Censoris
1943 2519 1965 2553 ,
2014 2474 2131 2564 qui
2175 2470 2374 2540 illum
2405 2504 2422 2518 “

420 2588 631 2657 tribui
679 2574 1063 2653 adscribere
1090 2632 1112 2670 ‚
1160 2600 1364 2676 atque
1407 2611 1613 2655 censu
1658 2582 2001 2655 fortunare
2042 2600 2331 2675 poterat.

505 2730 641 2798 IV.
686 2737 757 2798 3.
797 2753 906 2798 vs.
951 2733 1036 2798 65
1082 2743 1150 2799 et
1192 2735 1307 2798 79.
1460 2729 1732 2796 arbiter
1771 2766 1860 2779 —-
1900 2740 2285 2820 sequester.

421 2870 718 2939 Arbiter
746 2916 759 2927 .
784 2883 853 2938 et
911 2881 1270 2959 sequester
1335 2873 1449 2939 hie
1491 2873 1764 2960 quidem
1815 2877 2204 2953 sociantnr3
2269 2887 2371 2941 at·

425 3002 643 3054 tamen
707 2985 906 3074 longe
951 2988 1210 3054 diversi
1281 3002 1461 3054 sunt.
1552 2987 1912 3055 Trachalio
1976 3002 2173 3078 urget
2214 2989 2371 3055 Gri-

423 3126 582 3192 pum
609 3149 632 3185 ‚
721 3115 798 3167 ut
838 3096 953 3167 vel
1002 3103 1277 3170 interim
1325 3097 1747 3192 sequestrum
1793 3098 1951 3184 det,
2023 3114 2370 3192 sequestro

410 3217 726 3285 ⁴vidulum
785 3227 987 3306 ponat
1013 3262 1037 3296 ‚
1106 3216 1315 3285 donee
1375 3221 1509 3285 rite
1577 3220 1662 3284 de
1702 3224 1851 3308 ejus
1897 3219 2188 3285 dominio
2231 3229 2370 3283 sta-

420 3333 524 3395 tni
582 3332 805 3420 possit
846 3342 904 3397 'a
936 3329 1223 3418 judicu
1280 3333 1404 3400 sin
1446 3334 1671 3403 minus
1697 3378 1721 3415 ‚
1790 3347 1867 3400 ut:
1913 3334 2143 3400 statim
2185 3331 2365 3401 arbi-

480 3636 559 3706 (1)
605 3637 751 3689 Haud
794 3606 920 3693 scio
951 3654 1017 3692 an
1063 3600 1397 3709 praeferenda
1440 3636 1511 3690 tit
1558 3636 1717 3689 lectio
1764 3636 2007 3690 editionis
2054 3635 2328 3691 Brixiensio
2342 3668 2359 3694 .

417 3751 550 3786 anno
585 3733 712 3784 1506
745 3724 912 3784 cintae
931 3771 948 3796 ,
1000 3753 1163 3801 qnae,
1216 3734 1442 3802 quamvis
1475 3735 1530 3784 in
1563 3732 1749 3785 ceteris
1779 3732 1924 3802 parvi
1949 3730 2198 3813 ponderi·
2215 3764 2232 3793 ,
2263 3726 2366 3778 1¹60

419 3829 533 3881 loco
566 3830 735 3881 tamen
770 3829 1027 3894 extemplo
1060 3831 1269 3881 exhibet
1298 3845 1392 3897 pro
1424 3844 1489 3880 ee
1511 3828 1728 3894 popato.
2239 3822 2246 3827 ⁴
