2842 4767
1326 206 1438 282 70

399 457 477 519 11
524 474 676 541 sqq.
747 464 814 516 et
858 447 1142 517 Taubm.
1186 448 1271 513 ad
1312 447 1473 515 Mil.
1519 446 1736 513 locum
1762 493 1784 527 ,
1856 453 1974 536 qui
2017 471 2108 515 ex
2155 449 2323 515 Bae·

396 565 599 631 vardo
640 564 851 631 multa
893 564 1021 631 hnc
1068 561 1442 630 transtulit.
1491 565 1581 629 cf.
1633 562 1838 631 Gron.
1884 566 2077 632 Lect.
2104 562 2325 630 Plaut.

399 679 566 767 Pag.
635 683 757 747 231
829 701 980 767 sqq.
1092 678 1200 745 De
1246 680 1491 745 effectu
1535 679 1738 768 hujus
1783 681 2330 745 manumissionis

397 793 523 860 hac
566 807 783 862 aetate
832 795 989 859 vide
1031 793 1366 860 Niebuhr.
1417 792 1614 860 Rom.
1661 794 1908 860 Gesch.
1954 793 2144 860 Tom.
2193 793 2329 859 111.

402 907 568 997 Peg.
617 912 744 975 346
790 929 940 996 sqq.
986 911 1116 975 352
1161 930 1314 997 sqq.
1360 913 1491 976 382
1534 916 1638 997 s‘q.

492 1078 576 1144 V.
623 1099 728 1142 vs.
775 1081 1013 1143 1—25.

478 1222 591 1287 Ex
656 1220 779 1285 hoc
824 1216 1014 1297 loco,
1063 1231 1152 1302 =et
1209 1216 1414 1283 Poen.
1461 1223 1531 1283 4.
1579 1225 1647 1282 2.
1695 1224 1786 1284 40
1828 1242 1932 1306 sq.
1978 1219 2337 1301 manifesto

402 1335 723 1400 discimus
753 1378 773 1411 ,
823 1346 890 1398 et
936 1334 1242 1421 quamvis
1286 1334 1509 1396 minus
1556 1331 1809 1396 diserte
1837 1375 1857 1408 ,
1908 1353 2000 1397 ex
2045 1328 2245 1397 Cure.
2274 1335 2338 1396 l.

400 1455 468 1516 1.
511 1452 795 1515 28-31.
866 1461 933 1512 et
976 1446 1138 1513 Ter.
1181 1446 1354 1511 Eun.
1404 1449 1468 1510 5.
1518 1449 1582 1510 5.
1631 1450 1738 1512 15.
1824 1468 2082 1534 quoque
2147 1468 2348 1533 appa-

407 1577 510 1629 ret
532 1545 560 1644 '‚
652 1563 1015 1628 manifesto
1056 1559 1364 1625 moechos
1411 1556 1638 1625 Plauti
1683 1581 1845 1624 aevo
1890 1562 2155 1647 impune
2201 1582 2347 1626 cas-

411 1691 618 1743 tratos
693 1677 937 1741 fuisse.
1027 1671 1255 1738 Aliam
1322 1687 1541 1739 tamen
1587 1673 2034 1740 adulterorum
2077 1697 2348 1761 poenam

409 1793 664 1880 indicat
730 1787 976 1854 Bacch.
1020 1791 1089 1853 4.
1137 1794 1203 1854 8.
1250 1794 1315 1853 8.
1428 1786 1603 1854 Nam
1646 1812 1777 1856 non
1824 1803 2074 1855 tantum
2118 1812 2346 1856 necem

413 1909 705 1988 minatur
792 1902 991 1970 miles
1055 1900 1482 1968 Mnesilocho
1552 1925 1654 1969 vs.
1724 1908 1854 1983 19,
1946 1925 2139 1991 quem
2205 1926 2351 1969 cum

413 2041 628 2086 uxore
694 2040 818 2084 sua
881 2040 1034 2084 esse
1100 2016 1537 2081 existimabat
1563 2062 1584 2096 ‚
1656 2016 1775 2081 sed
1830 2030 2021 2103 pater
2064 2015 2352 2083 adulteri

419 2157 680 2224 quoque
746 2139 875 2200 200
938 2128 1293 2217 Philippos
1360 2129 1473 2195 illi
1539 2132 1873 2216 promittit
1898 2176 1919 2209 ,
2009 2152 2092 2195 ne
2136 2130 2355 2196 filium

418 2249 950 2314 manifestarium
1038 2245 1382 2310 moechum
1471 2228 1841 2310 obtruncet.
1997 2241 2188 2320 Quod
2282 2258 2354 2309 ut
2417 2294 2424 2309 2

422 2375 578 2426 tunc
616 2365 799 2448 juris
845 2361 1064 2425 fuisse
1111 2362 1629 2438 existimemus,
1689 2358 1950 2423 inducit
1992 2378 2111 2421 nos
2158 2355 2352 2421 Paul.

423 2475 615 2541 Sent.
663 2475 827 2540 Bec.
876 2473 975 2541 ΙΙ.
1020 2479 1128 2541 26.
1174 2480 1242 2540 7.
1272 2520 1293 2554 ,
1353 2496 1501 2540 cum
1545 2475 1838 2549 maxime
1882 2469 2233 2536 mulierem
2278 2472 2353 2534 vi

421 2590 752 2656 retinebat
797 2588 1306 2656 Mnesilochus:
1382 2590 1477 2654 cf.
1523 2609 1628 2654 vs.
1673 2593 1740 2653 2.
1785 2568 1946 2674 huj.
1980 2609 2079 2653 sc.

507 2762 609 2829 11.
653 2768 721 2828 2.
768 2783 871 2826 vs.
917 2768 982 2827 8.

508 2931 740 2999 Uxori
764 2934 1006 3010 ,facito
1052 2941 1138 2996 ut
1179 2936 1466 2997 nuncies
1492 2977 1513 3010 ,
1562 2925 1912 3017 neyotium

514 3046 708 3115 Mihi
751 3067 898 3111 esse
942 3051 1018 3111 in
1066 3046 1232 3112 urbe
1261 3093 1281 3127 ,
1332 3068 1534 3112 neme
1558 3057 1968 3134 exspectet:
2018 3069 2170 3113 nam
2190 3046 2359 3111 mibi

523 3162 694 3229 Tree
738 3159 938 3227 hodie
987 3163 1154 3227 lites
1183 3164 1619 3246 judicandae
1664 3163 1910 3229 dicito.

434 3305 715 3372 Iudices
758 3329 797 3372 a
841 3304 1152 3382 Praetore
1195 3304 1407 3385 lecti,
1495 3321 1694 3395 atque
1738 3308 1809 3369 in
1851 3302 2074 3369 album
2118 3303 2364 3384 relati,

436 3441 634 3507 quum
700 3443 939 3487 munus
982 3418 1322 3507 publicum
1366 3420 1686 3508 gerebant
1709 3465 1731 3499 ,
1821 3441 1951 3485 non
1994 3421 2150 3486 sine
2181 3425 2370 3508 justa

438 3553 636 3600 cansa
702 3534 876 3601 illud
944 3536 1407 3623 subterfugere
1483 3547 1810 3623 poterant.
1924 3534 2369 3620 Lysimachus

439 3649 650 3739 igitur
672 3669 840 3728 non,
890 3664 965 3717 ut
986 3651 1187 3740 vulgo
1210 3646 1765 3740 interpretantur,
1816 3653 2022 3730 dicit,
2070 3651 2209 3719 sibi
2236 3665 2369 3717 tres

439 3761 600 3828 lites
649 3762 721 3851 in
756 3762 1020 3848 judicio
1065 3789 1217 3832 esse
1263 3768 1756 3852 disceptandas
1789 3793 1813 3832 .-
1883 3779 2106 3832 contra
2149 3763 2367 3828 decla-
