2842 4767
1342 216 1398 290 6

398 456 794 546 telligantur
814 499 838 536 ,
884 452 1009 520 vix
1054 449 1266 520 ullum
1310 450 1587 530 dubium
1627 452 2036 544 relinquitur
2058 502 2083 537 ,
2129 479 2328 546 quum

276 569 283 576 '
391 572 888 640 triumvirorum
953 566 1342 657 capitalium
1407 569 1666 644 'scimus
1715 571 1937 638 fuisse
1960 618 2016 656 ,
2059 572 2156 638 de·
2178 595 2328 642 ser-

392 707 624 788 vorum
683 699 882 775 atque
946 685 1281 773 ejusmodi
1345 653 1668 751 viliorum
1707 688 2003 775 capitum
2040 687 2331 776 flagitiis

392 822 795 889 cognoscere
819 845 841 879 ,
906 812 974 866 et
1015 811 1226 868 morte
1267 797 1662 892 plerumque
1698 802 2068 894 vindictam
2109 823 2331 884 sume-

394 940 469 984 re
496 962 518 998 ,
587 916 782 1000 Lips.
830 915 914 981 ad
957 914 1180 982 Tacit.
1248 913 1429 982 Ann-
1492 914 1589 982 ·V.
1654 938 1715 982 c.
1761 922 1872 982 9..
1917 914 2190 1004 Multus
2227 929 2334 983 est

393 1028 746 1107 Niebuhr,
815 1029 1011 1110 Ram.
1059 1027 1307 1100 Gesch.
1355 1027 1549 1094 Tom.
1596 1029 1736 1098 111.
1780 1029 1948 1117 Pag.
1991 1032 2124 1096 480
2183 1052 2335 1119 sqq.

397 1149 470 1212 in
513 1143 964 1240 inquirendis
984 1139 1397 1220 maleficiis,
1465 1141 1550 1205 de
1592 1142 1840 1230 quibus
1877 1143 2341 1227 judicaverint

400 1258 742 1326 triumviri
787 1252 1134 1343 capitales.
1240 1254 1562 1341 Legimus
1589 1299 1612 1335 ,
1684 1282 1717 1316 υ
1764 1276 1877 1319 eos
1922 1255 2337 1322 animadver-

393 1400 427 1438 »
475 1376 643 1439 tisse
713 1373 787 1435 in
831 1367 1080 1435 delicta
1120 1370 1420 1447 minora,
1493 1389 1660 1455 quae
1703 1371 1995 1457 quietem
2039 1391 2116 1435 ac
2161 1383 2340 1436 tran-

403 1515 437 1553 »
485 1485 896 1577 quillitatem
962 1480 1301 1569 publicam
1366 1483 1710 1549 turbarent
1732 1530 1754 1565 ‚
1822 1498 2020 1572 atque
2063 1486 2139 1548 in
2181 1483 2340 1570 infi-

401 1632 434 1666 2
478 1624 628 1668 mae
693 1598 964 1687 quidem
1030 1597 1441 1662 conditionis
1510 1595 1811 1664 homines
1838 1644 1861 1678 ,
1950 1601 2342 1686 meretrices

350 1694 361 1698 ⁹
395 1745 429 1782 ι
471 1716 830 1786 libertinos
860 1756 882 1792 ,
952 1732 1188 1777 servos
1216 1755 1238 1789 ,
1310 1731 1479 1798 quos
1530 1703 1686 1777 non
1709 1725 2006 1779 tueretur
2043 1726 2338 1800 potestas

400 1860 435 1897 s
483 1826 922 1924 tribunicia-’⁹

485 1945 705 2013 Iidem
746 1940 1244 2036 significantur
1300 1939 1464 2008 Aul.
1510 1945 1577 2005 3.
1622 1946 1692 2005 2.
1735 1945 1805 2005 2.
1898 1938 2081 2016 Quid
2123 1956 2344 2026 autem

396 2062 489 2126 de
536 2058 808 2126 treviris
857 2056 1051 2128 Pers·
1097 2059 1163 2120 1.
1207 2059 1274 2119 2.
1320 2056 1409 2118 20
1453 2052 1876 2130 statuendum
1919 2057 2059 2138 sit,
2109 2057 2350 2126 dubius
2451 2133 2461 2144 .

402 2174 672 2243 haereo.
786 2170 891 2264 Si.
930 2167 1119 2233 locus
1165 2169 1347 2233 infra
1388 2180 1569 2233 recte
1615 2170 1970 2255 expositus
2013 2184 2121 2235 est
2150 2215 2173 2250 ,
2233 2180 2352 2261 ju-

406 2309 565 2355 vare
629 2306 749 2351 nos
796 2295 1097 2380 'possunt
1142 2282 1270 2346 duo
1313 2279 1505 2362 loca,
1571 2280 1745 2354 alter
1787 2306 1879 2350 ex
1920 2282 2224 2352 Varrone
2269 2287 2350 2353 de

401 2399 490 2468 1..
537 2397 625 2466 L.
669 2397 832 2465 Lib.
880 2395 1202 2483 1V,Pag.
1246 2399 1369 2470 24„
1397 2395 1507 2464 ed.
1575 2395 1734 2485 Rip.
1840 2424 1878 2460 a»
1909 2396 2351 2484 ‘Quaestor-ee

407 2546 441 2583 »
488 2538 529 2582 a
550 2512 943 2603 quaerendo
969 2556 994 2591 ,
1020 2513 1140 2600 qui
1163 2514 1633 2599 conquirerent
1653 2485 1959 2596 publicas
1983 2517 2305 2600 pecunias
2323 2561 2344 2594 ‚
2442 2583 2446 2587 ,

406 2657 440 2694 »
489 2643 557 2702 et
579 2626 936 2696 'maleficia
959 2637 1199 2716 squae
1243 2625 1590 2694 triumviri
1632 2622 1980 2714 capitales.
2000 2647 2173 2718 nunc
2197 2649 2353 2696 con-

409 2772 443 2809 »
491 2742 840 2836 quirunt.”
954 2739 1153 2808 Alter
1182 2763 1288 2808 ,ex
1332 2740 1540 2808 Festo
1584 2741 1637 2805 i.
1681 2763 1752 2805 v.
1797 2752 2302 2816 sacramentum
2325 2789 2348 2825 ,

410 2861 530 2950 qui
596 2856 1023 2946 quantumvis
1090 2852 1274 2945 lacer
1299 2901 1321 2937 ‚
1419 2868 1487 2921 et
1531 2866 1607 2922 ut
1646 2855 1914 2923 videtur
1957 2873 2305 2946 corruptus
2331 2903 2352 2937 ‚

404 2973 604 3064 plura
647 2993 769 3038 nos
795 3017 818 3052 ,
870 2992 1065 3059 quam
1107 2967 1298 3038 locus
1323 2969 1652 3037 Varronis
1679 3016 1702 3051 ,
1747 2971 1830 3039 (le
1856 2949 2353 3041 triumvirorum

418 3086 689 3155 illorum
755 3106 1030 3154 munere
1119 3087 1192 3152 in
1257 3086 1709 3174 conquirenda
1766 3088 2054 3172 pecunia
2122 3086 2355 3152 docere

414 3214 675 3292 potest:
741 3226 775 3263 ι
825 3198 974 3276 Qua
1016 3200 1100 3268 de
1140 3224 1216 3270 re
1259 3199 1374 3287 (de
1417 3197 1856 3292 sacramento)
1901 3197 2055 3285 lege
2095 3185 2184 3282 Ϊι.
2227 3197 2355 3268 Pa-

417 3342 452 3380 »
496 3315 666 3398 pirii
690 3359 713 3394 ,
781 3312 1072 3408 Tribuni
1115 3312 1212 3401 pl.
1282 3312 1534 3400 (medio
1580 3309 1993 3398 saeculoaV)
2056 3326 2356 3384 sanctum

422 3455 454 3494 ι
506 3442 609 3494 est
675 3427 787 3495 his
856 3427 1129 3494 verbis:
1198 3424 1627 3520 *ictumque
1668 3428 1984 3493 Praetor
2023 3437 2193 3514 poet
2233 3427 2359 3528 boc

420 3571 453 3607 ι
484 3543 738 3624 factus
774 3548 967 3625 erit,
1009 3547 1134 3631 qm·
1178 3548 1370 3608 inter
1409 3547 1601 3608 cives
1620 3549 1754 3628 jus
1795 3542 2029 3623 dicet,
2087 3553 2232 3609 tres
2258 3549 2356 3607 υἰ-

421 3686 455 3723 »
504 3681 620 3724 roe
681 3658 1002 3745 capitales
1039 3661 1373 3746 populum
1424 3669 1712 3744 rogato,
1785 3665 1973 3749 iique
2024 3669 2171 3725 tres
2216 3661 2357 3720 viri

430 3803 458 3837 υ
507 3770 827 3860 capitales
856 3820 876 3854 ,
949 3780 1348 3862 quicumque
1389 3775 1669 3864 posthac
1696 3773 1895 3856 facti
1941 3782 2197 3849 erunt,
2244 3790 2356 3838 su-
