2842 4767
1322 244 1431 320 68

768 484 1131 552 MILES
1223 483 1955 553 GLORIOSUS.

483 827 584 894 11.
633 830 696 891 5.
745 846 851 891 vs.
894 830 1005 893 43.
1221 827 1369 908 1999
1413 845 1645 909 α99ν9.

395 967 579 1053 14999
622 988 826 1050 affere
874 969 1185 1033 universe
1230 952 1485 1033 dieitur
1529 970 1591 1033 is
1621 1013 1642 1047 ,
1736 972 1852 1056 qui
1897 969 1968 1033 in
2005 973 2164 1055 jure
2207 965 2335 1032 ali-

403 1072 567 1172 quid
613 1104 703 1149 ex
748 1081 901 1170 lege
945 1084 1132 1170 agit,
1181 1078 1292 1147 vel
1337 1095 1557 1147 aetum
1601 1083 1944 1171 quemdam
1966 1080 2343 1170 legitimum

395 1200 687 1286 peragit.
776 1195 940 1263 Aul.
989 1201 1052 1262 3.
1100 1201 1166 1262 3.
1210 1201 1295 1262 10
1335 1209 1592 1275 autem,
1641 1210 1710 1262 et
1752 1196 1826 1261 h.
1873 1195 1925 1262 l.
1973 1198 2154 1262 idem
2195 1210 2334 1275 est,

400 1311 577 1400 quod
620 1310 858 1376 Plauto
885 1294 1078 1397 Capt‘.
1105 1315 1212 1390 3.,
1261 1315 1326 1376 1.
1352 1315 1476 1390 32,
1525 1322 1592 1376 et
1614 1307 1959 1376 Ciceroni:
1992 1311 2340 1395 jussimus

397 1430 475 1492 in
523 1429 698 1512 Jure
733 1429 1066 1513 persequi
1097 1450 1123 1492 .·
1195 1446 1396 1513 quare
1443 1427 1589 1508 1999
1632 1445 1835 1509 α99ν9
1882 1438 1949 1490 et
1972 1429 2107 1508 jue
2151 1445 2343 1490 suum

391 1544 730 1627 persequi
767 1543 1003 1628 jungit
1047 1538 1198 1606 cie.
1245 1562 1365 1626 pro
1409 1537 1610 1605 Caec.
1657 1562 1718 1604 e.
1763 1545 1871 1606 33.
1961 1537 2095 1606 Sed
2130 1538 2344 1605 Mero.

399 1657 465 1721 5.
509 1661 577 1722 4.
628 1659 710 1721 59
755 1655 1006 1719 dieitur
1045 1675 1167 1739 pro
1210 1673 1304 1718 ea:
1330 1655 1481 1736 1999
1504 1656 1731 1719 alicui
1757 1658 2094 1720 actionem
2116 1658 2346 1718 inten-

396 1771 599 1847 dere,
648 1790 776 1857 quo
822 1788 1024 1832 sensu
1068 1787 1198 1831 non
1242 1766 1638 1855 infrequens
1666 1781 1807 1835 est:
1857 1769 1950 1833 ef.
1975 1769 2140 1833 Ern.
2165 1771 2237 1832 in
2259 1766 2347 1833 el.

398 1882 548 1950 Cic.
595 1886 650 1946 i.
693 1904 763 1946 v.
815 1882 938 1948 lex
968 1906 994 1948 .-
1068 1902 1191 1946 nec
1235 1903 1399 1967 opus
1448 1895 1595 1962 est,
1644 1896 1718 1948 ut
1763 1904 1911 1948 cum
1957 1882 2218 1948 Polleto
2265 1883 2346 1946 de

392 1997 696 2085 judicato
786 1997 1094 2063 faciendo
1170 1995 1630 2084 intelligamus
1658 2042 1678 2075 ,
1770 2018 2161 2085 quamquam
2226 2018 2340 2062 ne·

399 2114 548 2200 gari
608 2114 894 2200 nequit,
986 2108 1340 2190 lictorem,
1405 2111 1744 2198 judicium
1813 2126 2336 2198 exsequentem,

398 2227 730 2292 interdum
796 2228 942 2309 1999
1007 2247 1211 2309 α99ν9
1257 2226 1421 2292 diei.
1516 2225 1923 2293 Concinnius
1969 2241 2185 2291 tamen
2231 2226 2337 2290 vi-

398 2340 594 2405 detur
621 2386 642 2418 ,
729 2338 892 2406 haee
982 2340 1182 2405 verba
1247 2343 1495 2407 actoris
1562 2341 1674 2407 hic
1701 2389 1721 2419 ,
1817 2361 2009 2429 quam
2072 2337 2334 2404 lictoris

397 2466 624 2539 partes
671 2452 1087 2541 significare.
1302 2545 1307 2549 .

485 2567 782 2634 Dubium
856 2583 1072 2635 tamen
1143 2592 1342 2659 saepe
1433 2584 1538 2637 est
1567 2617 1587 2650 ,
1682 2592 1897 2636 annon
1965 2569 2047 2634 de
2110 2570 2339 2653 speeie

396 2684 673 2773 quadam
740 2687 1072 2766 actionum
1133 2682 1587 2772 legitimarum
1630 2697 1985 2770 usurpetur
2012 2730 2031 2762 ,
2125 2703 2339 2748 annon

400 2798 792 2887 significet,
861 2816 1060 2886 agere
1105 2821 1197 2865 ex
1244 2800 1537 2887 quinque
1584 2796 1731 2862 illis
1777 2796 2087 2862 formulis
2117 2843 2139 2874 ,
2186 2820 2337 2884 pro-

396 2916 549 3001 prie
592 2916 809 3000 magis
858 2916 1033 2999 19919
1076 2919 1392 2980 actiones
1439 2913 1643 2978 dictis
1673 2960 1693 2992 ,
1766 2914 1817 2977 i.
1865 2935 1931 2977 e.
1992 2916 2289 2979 actiones
2316 2958 2336 2991 ,

397 3051 487 3093 ex
529 3026 839 3115 legibuS,
885 3029 1280 3113 praesertim
1322 3024 1469 3093 XII
1509 3027 1769 3106 Tabb„
1819 3027 2337 3103 descendentes,

400 3140 765 3219 formulae,
857 3141 1039 3206 modi
1102 3142 1557 3229 procedendi,
1654 3140 1899 3230 quibus
1925 3185 1946 3219 ,
2039 3138 2339 3226 quamvis

390 3275 521 3319 non
587 3256 846 3323 eunetis
916 3257 987 3319 in
1056 3256 1288 3321 eadem
1356 3279 1557 3323 causa
1586 3301 1607 3335 ,
1677 3258 1748 3320 in
1795 3249 2088 3341 singulis
2134 3250 2330 3316 rebus

384 3373 502 3456 jus
549 3392 744 3437 suum
787 3382 1372 3458 persequerentur.

483 3536 623 3603 ΠΙ.
672 3545 708 3604 1
756 3563 862 3607 vs.
908 3545 1060 3607 121.
1255 3539 1439 3604 dona
1483 3576 1547 3590 -
1609 3559 1918 3603 munera.

396 3680 636 3746 Parum
680 3650 980 3748 sufficere
1027 3684 1341 3750 videntur
1365 3728 1386 3762 ,
1457 3705 1628 3772 quae
1672 3682 1755 3747 de
1804 3682 2040 3747 horum
2087 3680 2332 3745 discri-

396 3799 574 3862 mine
620 3797 1020 3880 interpretes
1075 3799 1160 3862 ad
1206 3797 1382 3864 Rud.
1430 3795 1617 3862 Ptol.
1665 3801 1749 3862 23
1820 3817 1909 3860 ex
1954 3793 2202 3860 Donat.
2247 3790 2330 3853 ad
